代码,名称,最新价,IOPV实时估值,基金折价率,涨跌额,涨跌幅,成交量,成交额,开盘价,最高价,最低价,昨收,振幅,换手率,量比,委比,外盘,内盘,主力净流入-净额,主力净流入-净占比,超大单净流入-净额,超大单净流入-净占比,大单净流入-净额,大单净流入-净占比,中单净流入-净额,中单净流入-净占比,小单净流入-净额,小单净流入-净占比,现手,买一,卖一,最新份额,流通市值,总市值,数据日期,更新时间
589020,科创半导体设备ETF鹏华,2.032,2.0277,-0.21,0.096,4.96,1346386.0,269558669.0,1.9,2.037,1.898,1.936,7.18,29.26,0.99,-20.66,751481.0,594905.0,16610385.0,6.16,1531875.0,0.57,15078510.0,5.59,-47424.0,-0.02,-16562961.0,-6.14,1500.0,2.03,2.031,460219008.0,935165024,935165024,2026-06-04,2026-06-04 16:11:49+08:00
588170,科创半导体ETF华夏,2.516,2.5124,-0.14,0.115,4.79,9252751.0,2296111188.0,2.343,2.525,2.343,2.401,7.58,21.54,0.92,10.75,4945236.0,4307515.0,219736560.0,9.57,47876448.0,2.09,171860112.0,7.48,-85076192.0,-3.71,-134660351.0,-5.86,-227.0,2.516,2.517,4295149056.0,10806595025,10806595025,2026-06-04,2026-06-04 16:12:01+08:00
589180,科创新材料ETF汇添富,1.904,1.9003,-0.19,0.084,4.62,38671.0,7277157.0,1.8,1.909,1.8,1.82,5.99,22.33,0.98,30.39,24504.0,14167.0,-1152845.0,-15.84,0.0,0.0,-1152845.0,-15.84,787902.0,10.83,364943.0,5.01,322.0,1.903,1.91,17318000.0,32973472,32973472,2026-06-04,2026-06-04 16:11:41+08:00
588710,科创半导体设备ETF华泰柏瑞,2.599,2.6016,0.1,0.114,4.59,2203443.0,567563868.0,2.425,2.615,2.425,2.485,7.65,27.4,1.14,-25.88,1370686.0,832757.0,23277603.0,4.1,-18516211.0,-3.26,41793814.0,7.36,6277973.0,1.11,-29555576.0,-5.21,-139.0,2.599,2.6,804295008.0,2090362726,2090362726,2026-06-04,2026-06-04 16:11:52+08:00
588010,科创新材料ETF博时,1.161,1.1578,-0.28,0.048,4.31,465134.0,53273578.0,1.1,1.165,1.096,1.113,6.2,21.84,1.29,-15.34,323795.0,141339.0,-10268257.0,-19.27,-17086061.0,-32.07,6817804.0,12.8,8417202.0,15.8,1851055.0,3.47,10.0,1.159,1.16,212925800.0,247206854,247206854,2026-06-04,2026-06-04 16:11:50+08:00
588160,科创新材料ETF南方,1.184,1.1826,-0.12,0.048,4.23,138859.0,16252064.0,1.116,1.188,1.114,1.136,6.51,8.0,0.85,-56.44,78098.0,60761.0,-1306618.0,-8.04,-1421711.0,-8.75,115093.0,0.71,1224414.0,7.53,82205.0,0.51,84.0,1.182,1.183,173496000.0,205419264,205419264,2026-06-04,2026-06-04 16:11:44+08:00
159153,消费电子ETF鹏华,1.43,1.4124,-1.25,0.056,4.08,226873.0,31791764.534,1.354,1.43,1.35,1.374,5.82,29.19,1.12,84.48,132964.0,93909.0,-1506689.0,-4.74,0.0,0.0,-1506689.0,-4.74,426082.0,1.34,1080608.0,3.4,-2024.0,1.43,1.431,77725988.0,111148163,111148163,2026-06-04,2026-06-04 15:34:39+08:00
159558,半导体设备ETF易方达,2.915,2.9148,-0.01,0.109,3.88,2475349.0,714746442.639,2.749,2.931,2.749,2.806,6.49,8.7,0.82,7.76,1336255.0,1139094.0,113110378.0,15.83,147723618.0,20.67,-34613240.0,-4.84,-54505740.0,-7.63,-58604638.0,-8.2,18370.0,2.914,2.915,2844854640.0,8292751276,8292751276,2026-06-04,2026-06-04 15:34:21+08:00
560780,半导体设备ETF广发,2.742,2.7403,-0.06,0.102,3.86,1891048.0,514857779.0,2.59,2.76,2.59,2.64,6.44,11.02,0.9,19.81,1057040.0,834008.0,30712854.0,5.97,58191634.0,11.3,-27478780.0,-5.34,-8681253.0,-1.69,-22031603.0,-4.28,-55.0,2.741,2.743,1716496000.0,4706632032,4706632032,2026-06-04,2026-06-04 16:11:33+08:00
562590,半导体设备ETF华夏,2.621,2.6209,0.0,0.096,3.8,1616831.0,416542914.0,2.478,2.635,2.476,2.525,6.3,11.43,0.97,26.23,739761.0,877070.0,28164391.0,6.76,14844681.0,3.56,13319710.0,3.2,-8941864.0,-2.15,-19222526.0,-4.61,316.0,2.619,2.62,1414663008.0,3707831744,3707831744,2026-06-04,2026-06-04 16:11:42+08:00
159516,半导体设备ETF国泰,1.243,1.2437,0.06,0.045,3.76,18594090.0,2292925336.557,1.175,1.251,1.175,1.198,6.34,10.57,0.74,14.82,9977402.0,8616689.0,351479984.0,15.33,452272080.0,19.72,-100792096.0,-4.4,-191640688.0,-8.36,-159839291.0,-6.97,-153163.0,1.243,1.244,17591180032.0,21865836780,21865836780,2026-06-04,2026-06-04 15:34:42+08:00
159327,半导体设备ETF万家,2.97,2.9726,0.09,0.107,3.74,485689.0,142801360.5,2.8,2.988,2.8,2.863,6.57,12.13,0.73,52.95,300739.0,184950.0,6412144.0,4.49,6407025.0,4.49,5119.0,0.0,3895625.0,2.73,-10307770.0,-7.22,-2101.0,2.97,2.971,400524704.0,1189558371,1189558371,2026-06-04,2026-06-04 15:34:45+08:00
560710,船舶ETF富国,0.995,0.9921,-0.29,0.029,3.0,1435805.0,142936943.0,0.963,1.005,0.963,0.966,4.35,9.02,1.03,-33.97,814162.0,621643.0,19641203.0,13.74,23071345.0,16.14,-3430142.0,-2.4,-12170575.0,-8.51,-7470629.0,-5.23,100.0,0.994,0.995,1591580000.0,1583622100,1583622100,2026-06-04,2026-06-04 16:11:35+08:00
159178,消费电子ETF汇添富,1.242,1.2412,-0.06,0.036,2.99,146164.0,18005911.441,1.2,1.249,1.191,1.206,4.81,19.9,0.88,69.1,77018.0,69146.0,-831541.0,-4.62,726991.0,4.04,-1558532.0,-8.66,929906.0,5.16,-98365.0,-0.55,-928.0,1.242,1.243,73432994.0,91203779,91203779,2026-06-04,2026-06-04 15:34:39+08:00
159732,消费电子ETF华夏,1.626,1.623,-0.18,0.047,2.98,2659158.0,428285651.078,1.55,1.637,1.55,1.579,5.51,11.64,0.78,56.92,1393785.0,1265373.0,-22208918.0,-5.19,-9420103.0,-2.2,-12788815.0,-2.99,6500223.0,1.52,15708695.0,3.67,-29991.0,1.626,1.627,2285447904.0,3716138292,3716138292,2026-06-04,2026-06-04 15:34:24+08:00
561980,半导体设备ETF招商,3.131,3.131,0.0,0.081,2.66,780839.0,243039073.0,2.989,3.159,2.989,3.05,5.57,6.45,0.57,-40.64,420503.0,360336.0,22275205.0,9.17,12364681.0,5.09,9910524.0,4.08,-10095217.0,-4.15,-12179989.0,-5.01,117.0,3.13,3.131,1210110000.0,3788854410,3788854410,2026-06-04,2026-06-04 16:12:01+08:00
159582,半导体ETF博时,3.447,3.4541,0.21,0.087,2.59,302081.0,103697573.0,3.294,3.477,3.294,3.36,5.45,20.33,1.04,58.73,133830.0,168251.0,2004730.0,1.93,3202766.0,3.09,-1198036.0,-1.16,651419.0,0.63,-2656150.0,-2.56,-1185.0,3.447,3.448,148621621.0,512298728,512298728,2026-06-04,2026-06-04 15:34:45+08:00
159786,VRETF银华,1.347,1.3393,-0.57,0.033,2.51,210321.0,28100700.83,1.294,1.352,1.294,1.314,4.41,24.54,1.07,40.03,115680.0,94641.0,1544447.0,5.5,3119471.0,11.1,-1575024.0,-5.6,-1925905.0,-6.85,381459.0,1.36,1399.0,1.346,1.347,85701174.0,115439481,115439481,2026-06-04,2026-06-04 15:34:57+08:00
515260,电子ETF华宝,0.965,0.9621,-0.3,0.023,2.44,738556.0,70619656.0,0.925,0.971,0.925,0.942,4.88,8.18,0.82,13.27,391781.0,346775.0,-15206842.0,-21.53,-12959699.0,-18.35,-2247143.0,-3.18,8337726.0,11.81,6869116.0,9.73,6.0,0.963,0.965,902568400.0,870978506,870978506,2026-06-04,2026-06-04 16:11:37+08:00
512330,信息科技ETF南方,1.924,1.9167,-0.38,0.043,2.29,24071.0,4594239.0,1.87,1.927,1.85,1.881,4.09,0.65,0.36,50.04,13741.0,10330.0,-136900.0,-2.98,8734.0,0.19,-145634.0,-3.17,151239.0,3.29,-14339.0,-0.31,4.0,1.92,1.924,370188000.0,712241712,712241712,2026-06-04,2026-06-04 16:11:41+08:00
588850,科创机械ETF嘉实,1.944,1.945,0.05,0.042,2.21,107610.0,20761689.0,1.872,1.949,1.86,1.902,4.68,16.61,0.66,-27.72,49865.0,57745.0,256769.0,1.24,-2237548.0,-10.78,2494317.0,12.01,-686421.0,-3.31,429653.0,2.07,66.0,1.941,1.944,64779000.0,125930376,125930376,2026-06-04,2026-06-04 16:11:44+08:00
515320,电子50ETF华安,1.746,1.7444,-0.09,0.037,2.17,153363.0,26539913.0,1.7,1.756,1.695,1.709,3.57,19.58,1.41,-61.83,73366.0,79997.0,-3299599.0,-12.43,-2755379.0,-10.38,-544220.0,-2.05,-1791856.0,-6.75,5091455.0,19.18,50.0,1.743,1.746,78309000.0,136727514,136727514,2026-06-04,2026-06-04 16:11:46+08:00
563210,专精特新ETF富国,2.139,2.1307,-0.39,0.045,2.15,94963.0,20167824.0,2.059,2.144,2.058,2.094,4.11,10.1,0.73,-29.82,58813.0,36150.0,1453181.0,7.21,0.0,0.0,1453181.0,7.21,-1231502.0,-6.11,-221678.0,-1.1,-15.0,2.139,2.14,94067000.0,201209313,201209313,2026-06-04,2026-06-04 16:11:59+08:00
516350,芯片ETF易方达,1.77,1.7668,-0.18,0.037,2.14,900856.0,158712084.0,1.701,1.783,1.7,1.733,4.79,7.37,0.76,2.34,418185.0,482671.0,-461759.0,-0.29,2053922.0,1.29,-2515681.0,-1.59,1362047.0,0.86,-900289.0,-0.57,-78.0,1.771,1.772,1222415296.0,2163675074,2163675074,2026-06-04,2026-06-04 16:11:54+08:00
515220,煤炭ETF国泰,1.43,1.4287,-0.09,0.03,2.14,17084186.0,2414179839.0,1.39,1.459,1.366,1.4,6.64,18.18,1.54,-12.87,9373954.0,7710232.0,-635801056.0,-26.34,-587100768.0,-24.32,-48700288.0,-2.02,487521670.0,20.19,148279375.0,6.14,22.0,1.429,1.43,9398676992.0,13440108099,13440108099,2026-06-04,2026-06-04 16:11:38+08:00
562560,信息技术ETF华夏,2.501,2.4974,-0.14,0.052,2.12,4760.0,1186098.0,2.449,2.515,2.412,2.449,4.21,2.24,0.54,-0.91,2357.0,2403.0,-16863.0,-1.42,0.0,0.0,-16863.0,-1.42,859.0,0.07,16004.0,1.35,4.0,2.49,2.494,21265500.0,53185016,53185016,2026-06-04,2026-06-04 16:11:42+08:00
159546,集成电路ETF国泰,2.681,2.678,-0.11,0.053,2.02,313083.0,83500452.324,2.567,2.697,2.567,2.628,4.95,18.71,0.85,-26.15,115980.0,197103.0,6873466.0,8.23,-3020071.0,-3.62,9893537.0,11.85,-5063847.0,-6.06,-1809619.0,-2.17,1612.0,2.68,2.681,167309274.0,448556164,448556164,2026-06-04,2026-06-04 15:34:09+08:00
516640,芯片ETF富国,1.564,1.5614,-0.17,0.031,2.02,1237685.0,192534297.0,1.498,1.576,1.497,1.533,5.15,10.12,0.85,6.03,724237.0,513448.0,20536265.0,10.67,9705693.0,5.04,10830572.0,5.63,-21769142.0,-11.31,1232877.0,0.64,-468.0,1.564,1.565,1222482800.0,1911963099,1911963099,2026-06-04,2026-06-04 16:11:40+08:00
512480,半导体ETF国联安,2.193,2.1914,-0.07,0.043,2.0,6711546.0,1465247583.0,2.11,2.21,2.11,2.15,4.65,7.97,0.66,13.87,3653624.0,3057922.0,126523392.0,8.63,165694560.0,11.31,-39171168.0,-2.67,-58046379.0,-3.96,-68477014.0,-4.67,144.0,2.192,2.193,8421003520.0,18467260719,18467260719,2026-06-04,2026-06-04 16:11:46+08:00
516920,芯片ETF汇添富,1.517,1.5178,0.05,0.029,1.95,367665.0,55547635.0,1.458,1.53,1.458,1.488,4.84,8.05,0.72,22.62,183658.0,184007.0,3486393.0,6.28,3542018.0,6.38,-55625.0,-0.1,-3848190.0,-6.93,361796.0,0.65,-46.0,1.516,1.518,456963008.0,693212883,693212883,2026-06-04,2026-06-04 16:12:00+08:00
159599,芯片ETF东财,3.022,3.0256,0.12,0.057,1.92,615392.0,184909686.0,2.907,3.048,2.902,2.965,4.92,11.76,0.76,30.5,292423.0,322969.0,5318011.0,2.88,28258292.0,15.28,-22940281.0,-12.41,199865.0,0.11,-5517878.0,-2.98,-5732.0,3.022,3.023,523322064.0,1581479277,1581479277,2026-06-04,2026-06-04 15:34:48+08:00
561100,消费电子ETF富国,1.92,1.9142,-0.3,0.036,1.91,420049.0,79949490.0,1.847,1.932,1.84,1.884,4.88,8.89,0.7,-25.07,261066.0,158983.0,10862199.0,13.59,448175.0,0.56,10414024.0,13.03,-12347415.0,-15.44,1485216.0,1.86,-55.0,1.92,1.921,472746896.0,907674040,907674040,2026-06-04,2026-06-04 16:11:36+08:00
512760,芯片ETF国泰,1.18,1.1778,-0.19,0.022,1.9,4095744.0,480432030.0,1.134,1.189,1.133,1.158,4.84,4.76,0.64,1.92,2151998.0,1943747.0,40783983.0,8.49,42295000.0,8.8,-1511017.0,-0.31,-27928415.0,-5.81,-12855568.0,-2.68,139.0,1.179,1.18,8600445440.0,10148525619,10148525619,2026-06-04,2026-06-04 16:11:34+08:00
159995,芯片ETF华夏,2.53,2.5305,0.02,0.047,1.89,4123036.0,1036635573.918,2.435,2.547,2.435,2.483,4.51,3.91,0.65,-3.74,2199733.0,1923302.0,35861664.0,3.46,55232816.0,5.33,-19371152.0,-1.87,-9287719.0,-0.9,-26573938.0,-2.56,15530.0,2.529,2.53,10552963072.0,26698996572,26698996572,2026-06-04,2026-06-04 15:34:00+08:00
159801,芯片ETF广发,1.252,1.2503,-0.14,0.023,1.87,2080616.0,259198516.94,1.204,1.261,1.201,1.229,4.88,5.59,0.67,-46.98,944875.0,1135741.0,18021046.0,6.95,45490934.0,17.55,-27469888.0,-10.6,-17169702.0,-6.62,-851343.0,-0.33,-10502.0,1.252,1.253,3725120176.0,4663850460,4663850460,2026-06-04,2026-06-04 15:34:27+08:00
159560,芯片ETF景顺,2.448,2.4462,-0.07,0.045,1.87,110367.0,26890639.0,2.349,2.467,2.349,2.403,4.91,6.69,0.85,39.89,59098.0,51269.0,-939080.0,-3.49,2178644.0,8.1,-3117724.0,-11.59,2239306.0,8.33,-1300226.0,-4.84,-446.0,2.448,2.449,164916460.0,403715494,403715494,2026-06-04,2026-06-04 15:34:42+08:00
159667,工业母机ETF国泰,2.395,2.3931,-0.08,0.044,1.87,1066542.0,252005789.7,2.309,2.41,2.307,2.351,4.38,11.9,0.71,47.94,553039.0,513503.0,-34795024.0,-13.81,-30992359.0,-12.3,-3802665.0,-1.51,4323547.0,1.72,30471477.0,12.09,8356.0,2.394,2.395,896016912.0,2145960504,2145960504,2026-06-04,2026-06-04 15:34:45+08:00
159663,机床ETF华夏,2.381,2.3772,-0.16,0.043,1.84,771135.0,179840587.3,2.295,2.395,2.292,2.338,4.41,34.97,1.42,38.57,451354.0,319781.0,-2855897.0,-1.59,-13535983.0,-7.53,10680086.0,5.94,-464141.0,-0.26,3320038.0,1.85,307.0,2.38,2.381,220517585.0,525052370,525052370,2026-06-04,2026-06-04 15:34:18+08:00
159665,半导体龙头ETF工银,2.636,2.638,0.08,0.046,1.78,193359.0,50853509.6,2.54,2.658,2.531,2.59,4.9,11.08,0.68,10.88,98552.0,94807.0,-406010.0,-0.8,-847782.0,-1.67,441772.0,0.87,594337.0,1.17,-188327.0,-0.37,548.0,2.635,2.636,174576860.0,460184603,460184603,2026-06-04,2026-06-04 15:34:21+08:00
159813,半导体ETF鹏华,1.617,1.6178,0.05,0.028,1.76,2236057.0,360266527.431,1.553,1.629,1.553,1.589,4.78,6.81,0.67,-29.9,1196763.0,1039294.0,14859462.0,4.12,33612768.0,9.33,-18753306.0,-5.21,-9743111.0,-2.7,-5116351.0,-1.42,-8314.0,1.617,1.618,3282862416.0,5308388527,5308388527,2026-06-04,2026-06-04 15:34:27+08:00
516250,工程机械ETF富国,1.072,1.072,0.0,0.018,1.71,143826.0,15397372.0,1.056,1.079,1.046,1.054,3.13,16.37,0.78,-8.6,72026.0,71800.0,-315294.0,-2.05,105.0,0.0,-315399.0,-2.05,583300.0,3.79,-268006.0,-1.74,89.0,1.07,1.072,87878000.0,94205216,94205216,2026-06-04,2026-06-04 16:11:41+08:00
159997,电子ETF天弘,2.32,2.3191,-0.04,0.039,1.71,389001.0,89675507.716,2.237,2.343,2.233,2.281,4.82,5.71,0.8,29.87,178723.0,210278.0,-2785052.0,-3.11,-584221.0,-0.65,-2200831.0,-2.45,-4761936.0,-5.31,7546988.0,8.42,-568.0,2.32,2.324,681306640.0,1580631405,1580631405,2026-06-04,2026-06-04 15:34:30+08:00
589190,科创芯片ETF华宝,1.317,1.3191,0.16,0.022,1.7,616774.0,80927697.0,1.272,1.33,1.27,1.295,4.63,5.19,0.77,-10.03,235011.0,381763.0,2284239.0,2.82,10525092.0,13.01,-8240853.0,-10.18,-1866224.0,-2.31,-418014.0,-0.52,10.0,1.315,1.316,1188781008.0,1565624588,1565624588,2026-06-04,2026-06-04 16:11:50+08:00
159310,芯片ETF天弘,3.049,3.0461,-0.1,0.051,1.7,65059.0,19768970.5,2.93,3.074,2.926,2.998,4.94,1.48,0.68,90.99,31166.0,33893.0,1388394.0,7.02,2814639.0,14.24,-1426245.0,-7.21,-1069494.0,-5.41,-318900.0,-1.61,-673.0,3.049,3.05,440981088.0,1344551337,1344551337,2026-06-04,2026-06-04 15:34:18+08:00
562820,集成电路ETF嘉实,3.317,3.3256,0.26,0.055,1.69,118411.0,39100148.0,3.201,3.343,3.195,3.262,4.54,12.58,0.57,30.83,60288.0,58123.0,2415185.0,6.18,2271667.0,5.81,143518.0,0.37,-2593363.0,-6.63,178178.0,0.46,716.0,3.316,3.318,94136000.0,312249112,312249112,2026-06-04,2026-06-04 16:11:52+08:00
560280,工程机械ETF广发,1.697,1.6942,-0.17,0.028,1.68,757037.0,128413012.0,1.667,1.71,1.655,1.669,3.3,3.89,0.5,-21.89,375555.0,381483.0,1287733.0,1.0,5015642.0,3.91,-3727909.0,-2.9,-320412.0,-0.25,-967321.0,-0.75,-60.0,1.697,1.698,1947752000.0,3305335144,3305335144,2026-06-04,2026-06-04 16:11:59+08:00
561310,消电ETF国泰,1.709,1.7044,-0.27,0.028,1.67,65519.0,11089032.0,1.664,1.718,1.638,1.681,4.76,19.32,1.02,-74.6,36506.0,29013.0,-908383.0,-8.19,0.0,0.0,-908383.0,-8.19,617200.0,5.57,291183.0,2.63,251.0,1.707,1.709,33916600.0,57963469,57963469,2026-06-04,2026-06-04 16:11:40+08:00
159325,半导体ETF南方,2.205,2.2005,-0.2,0.035,1.61,590345.0,129870050.913,2.12,2.225,2.12,2.17,4.84,17.04,0.71,28.45,323333.0,267012.0,1713826.0,1.32,3379938.0,2.6,-1666112.0,-1.28,-1027074.0,-0.79,-686752.0,-0.53,-3833.0,2.205,2.206,346460528.0,763945464,763945464,2026-06-04,2026-06-04 15:34:06+08:00
562950,消费电子ETF易方达,1.845,1.8414,-0.2,0.029,1.6,1209261.0,221909929.0,1.782,1.86,1.781,1.816,4.35,10.96,0.86,-36.12,711909.0,497352.0,-9186290.0,-4.14,-37187721.0,-16.76,28001431.0,12.62,1776872.0,0.8,7409417.0,3.34,28.0,1.844,1.845,1103258304.0,2035511571,2035511571,2026-06-04,2026-06-04 16:11:45+08:00
159939,信息技术ETF广发,1.214,1.2124,-0.13,0.019,1.59,714143.0,86106136.6,1.175,1.222,1.173,1.195,4.1,8.48,1.57,23.38,335223.0,378920.0,6031911.0,7.01,10759846.0,12.5,-4727935.0,-5.49,-4252139.0,-4.94,-1779772.0,-2.07,-148.0,1.214,1.215,841656112.0,1021770520,1021770520,2026-06-04,2026-06-04 15:34:51+08:00
159259,成长ETF易方达,1.54,1.5391,-0.06,0.024,1.58,1365868.0,209139976.641,1.482,1.548,1.482,1.516,4.35,7.16,0.57,23.39,683727.0,682141.0,-16778567.0,-8.02,-15510752.0,-7.42,-1267815.0,-0.61,9244012.0,4.42,7534556.0,3.6,-3502.0,1.54,1.541,1907696400.0,2937852456,2937852456,2026-06-04,2026-06-04 15:34:24+08:00
588990,科创芯片ETF博时,3.777,3.7738,-0.08,0.057,1.53,167993.0,63177830.0,3.635,3.816,3.613,3.72,5.46,9.45,0.52,13.12,86155.0,81838.0,2420646.0,3.83,796054.0,1.26,1624592.0,2.57,-169234.0,-0.27,-2251413.0,-3.56,30.0,3.774,3.775,177745400.0,671344376,671344376,2026-06-04,2026-06-04 16:11:56+08:00
588890,科创芯片ETF南方,4.089,4.084,-0.12,0.061,1.51,460115.0,187496286.0,3.968,4.13,3.944,4.028,4.62,5.38,0.63,-0.13,277191.0,182924.0,5725611.0,3.05,-2494096.0,-1.33,8219707.0,4.38,-4091315.0,-2.18,-1634296.0,-0.87,84.0,4.088,4.089,854810000.0,3495318090,3495318090,2026-06-04,2026-06-04 16:11:44+08:00
515970,工程机械ETF华夏,0.94,0.9401,0.01,0.014,1.51,1190993.0,111893372.0,0.926,0.948,0.918,0.926,3.24,14.26,0.9,24.08,566066.0,624927.0,914768.0,0.82,6973338.0,6.23,-6058570.0,-5.41,-161263.0,-0.14,-753505.0,-0.67,300.0,0.938,0.94,835088000.0,784982720,784982720,2026-06-04,2026-06-04 16:11:57+08:00
588810,科创芯片ETF富国,2.572,2.573,0.04,0.038,1.5,348094.0,89174567.0,2.466,2.6,2.466,2.534,5.29,8.22,0.7,-46.68,175956.0,172138.0,6480867.0,7.27,1362475.0,1.53,5118392.0,5.74,-5108529.0,-5.73,-1372339.0,-1.54,27.0,2.571,2.572,423324000.0,1088789328,1088789328,2026-06-04,2026-06-04 16:11:39+08:00
588920,科创芯片ETF鹏华,2.319,2.3197,0.03,0.034,1.49,135394.0,31236466.0,2.222,2.344,2.222,2.285,5.34,10.97,0.6,-44.88,76126.0,59268.0,2324094.0,7.44,1052481.0,3.37,1271613.0,4.07,-2380193.0,-7.62,56098.0,0.18,-32.0,2.318,2.32,123438000.0,286252722,286252722,2026-06-04,2026-06-04 16:11:53+08:00
530530,上证580ETF华夏,1.245,1.2398,-0.42,0.018,1.47,38623.0,4758478.0,1.227,1.251,1.226,1.227,2.04,2.39,2.15,-43.14,10591.0,28032.0,462140.0,9.71,-3388000.0,-71.2,3850140.0,80.91,-312109.0,-6.56,-150029.0,-3.15,80.0,1.244,1.245,161460000.0,201017700,201017700,2026-06-04,2026-06-04 16:12:02+08:00
589820,科创200ETF建信,1.39,1.3926,0.19,0.02,1.46,80254.0,11047063.0,1.375,1.391,1.352,1.37,2.85,5.79,1.25,-51.71,51084.0,29170.0,1102342.0,9.98,0.0,0.0,1102342.0,9.98,-1129171.0,-10.22,26828.0,0.24,28.0,1.388,1.39,138720200.0,192821078,192821078,2026-06-04,2026-06-04 16:11:39+08:00
561030,工程机械ETF华泰柏瑞,0.978,0.9795,0.15,0.014,1.45,103687.0,10156601.0,0.965,0.985,0.965,0.964,2.07,4.68,0.38,-27.37,38300.0,65387.0,936898.0,9.22,1759779.0,17.33,-822881.0,-8.1,-868962.0,-8.56,-67937.0,-0.67,-30.0,0.978,0.98,221550000.0,216675900,216675900,2026-06-04,2026-06-04 16:11:54+08:00
159177,工程机械ETF鹏华,1.06,1.0615,0.14,0.015,1.44,75923.0,8054780.884,1.036,1.069,1.036,1.045,3.16,17.41,0.79,-12.86,32946.0,42977.0,77481.0,0.96,0.0,0.0,77481.0,0.96,105334.0,1.31,-182816.0,-2.27,-150.0,1.061,1.065,43619279.0,46236436,46236436,2026-06-04,2026-06-04 15:34:48+08:00
588910,科创价值ETF建信,1.565,1.5655,0.03,0.022,1.43,143617.0,22408938.0,1.532,1.571,1.526,1.543,2.92,12.48,1.11,-13.71,82149.0,61468.0,-1422421.0,-6.35,0.0,0.0,-1422421.0,-6.35,459748.0,2.05,962674.0,4.3,16.0,1.562,1.565,115049100.0,180051842,180051842,2026-06-04,2026-06-04 16:11:53+08:00
588200,科创芯片ETF嘉实,3.622,3.6248,0.08,0.051,1.43,12778011.0,4615046980.0,3.495,3.665,3.495,3.571,4.76,9.57,0.7,8.56,6723825.0,6054186.0,150269872.0,3.26,61838512.0,1.34,88431360.0,1.92,-78073952.0,-1.69,-72195936.0,-1.56,-2.0,3.622,3.623,13350894848.0,48356941139,48356941139,2026-06-04,2026-06-04 16:11:59+08:00
589130,科创芯片ETF易方达,1.433,1.4331,0.01,0.02,1.42,1234913.0,175640148.0,1.393,1.45,1.371,1.413,5.59,4.39,0.78,0.94,608315.0,626598.0,-1447769.0,-0.82,-120650.0,-0.07,-1327119.0,-0.76,1873296.0,1.07,-425527.0,-0.24,-392.0,1.434,1.435,2810780000.0,4027847740,4027847740,2026-06-04,2026-06-04 16:12:00+08:00
159542,工程机械ETF大成,1.496,1.5001,0.27,0.021,1.42,53563.0,8013053.8,1.471,1.51,1.464,1.475,3.12,28.05,1.56,59.02,28268.0,25295.0,1125424.0,14.04,3047287.0,38.03,-1921863.0,-23.98,-1021280.0,-12.75,-104145.0,-1.3,-127.0,1.494,1.498,19092850.0,28562904,28562904,2026-06-04,2026-06-04 15:34:30+08:00
159909,TMT50ETF招商,1.519,1.5203,0.09,0.021,1.4,53946.0,8137325.3,1.472,1.528,1.471,1.498,3.81,1.1,0.51,33.43,28579.0,25367.0,83959.0,1.03,-21858.0,-0.27,105817.0,1.3,-270276.0,-3.32,186318.0,2.29,-284.0,1.519,1.52,489062000.0,742885178,742885178,2026-06-04,2026-06-04 15:34:45+08:00
589160,科创芯片ETF广发,1.308,1.3094,0.11,0.018,1.4,187179.0,24435312.0,1.261,1.323,1.256,1.29,5.19,9.94,0.59,9.59,109990.0,77189.0,3050524.0,12.48,4121632.0,16.87,-1071108.0,-4.38,-3181214.0,-13.02,130690.0,0.53,-1.0,1.308,1.309,188296000.0,246291168,246291168,2026-06-04,2026-06-04 16:11:47+08:00
588750,科创芯片ETF汇添富,2.414,2.4153,0.05,0.033,1.39,1370866.0,329396330.0,2.341,2.443,2.334,2.381,4.58,5.9,0.67,-16.2,803623.0,567243.0,-14813606.0,-4.5,-4149204.0,-1.26,-10664402.0,-3.24,10377080.0,3.15,4436526.0,1.35,2.0,2.413,2.414,2323228000.0,5608272392,5608272392,2026-06-04,2026-06-04 16:11:46+08:00
159138,工程机械ETF易方达,1.019,1.0194,0.04,0.014,1.39,113869.0,11600130.1,1.006,1.027,0.996,1.005,3.08,18.14,0.79,-39.77,55346.0,58523.0,-431003.0,-3.72,2231.0,0.02,-433234.0,-3.73,496674.0,4.28,-65673.0,-0.57,-447.0,1.019,1.021,62767924.0,63960515,63960515,2026-06-04,2026-06-04 15:34:24+08:00
561600,消费电子ETF平安,1.763,1.7638,0.05,0.024,1.38,178962.0,31435018.0,1.71,1.779,1.71,1.739,3.97,14.17,0.78,-5.06,91037.0,87925.0,-2090123.0,-6.65,357601.0,1.14,-2447724.0,-7.79,775523.0,2.47,1314599.0,4.18,417.0,1.763,1.764,126274000.0,222621062,222621062,2026-06-04,2026-06-04 16:11:46+08:00
159930,能源ETF汇添富,1.808,1.8071,-0.05,0.024,1.35,1240083.0,224010646.7,1.784,1.832,1.76,1.784,4.04,15.17,1.25,-21.44,662774.0,577309.0,-60530144.0,-27.02,-39808589.0,-17.77,-20721555.0,-9.25,49926997.0,22.29,10603148.0,4.73,1323.0,1.807,1.808,817398144.0,1477855844,1477855844,2026-06-04,2026-06-04 15:34:54+08:00
589300,科创综指ETF嘉实,1.814,1.8155,0.08,0.024,1.34,32033.0,5774993.0,1.789,1.819,1.772,1.79,2.63,7.03,1.12,35.37,16748.0,15285.0,1291954.0,22.37,0.0,0.0,1291954.0,22.37,-1280795.0,-22.18,-11160.0,-0.19,1.0,1.806,1.814,45582500.0,82686655,82686655,2026-06-04,2026-06-04 16:11:43+08:00
589250,科创芯片设计ETF浦银,1.386,1.3877,0.12,0.018,1.32,94652.0,13064941.0,1.38,1.397,1.327,1.368,5.12,14.11,0.79,14.3,62805.0,31847.0,398986.0,3.05,832059.0,6.37,-433073.0,-3.31,-1093197.0,-8.37,694209.0,5.31,1.0,1.383,1.386,67101300.0,93002402,93002402,2026-06-04,2026-06-04 16:11:53+08:00
589100,科创芯片ETF国泰,2.322,2.3238,0.08,0.03,1.31,208305.0,48326578.0,2.259,2.348,2.247,2.292,4.41,6.26,0.59,-1.71,108211.0,100094.0,2197415.0,4.55,-412987.0,-0.85,2610402.0,5.4,-1142656.0,-2.36,-1054758.0,-2.18,-50.0,2.322,2.324,332777008.0,772708213,772708213,2026-06-04,2026-06-04 16:11:41+08:00
589260,科创芯片设计ETF国泰,1.391,1.3904,-0.04,0.018,1.31,129910.0,18013814.0,1.365,1.403,1.349,1.373,3.93,19.34,0.92,8.5,75208.0,54702.0,441822.0,2.45,1273615.0,7.07,-831793.0,-4.62,-552172.0,-3.07,110350.0,0.61,792.0,1.39,1.392,67156000.0,93413996,93413996,2026-06-04,2026-06-04 16:11:35+08:00
588270,科创200ETF易方达,1.864,1.863,-0.05,0.024,1.3,136515.0,25226189.0,1.834,1.869,1.81,1.84,3.21,4.31,0.86,64.72,69488.0,67027.0,-512651.0,-2.03,2144333.0,8.5,-2656984.0,-10.53,516555.0,2.05,-3904.0,-0.02,50.0,1.86,1.863,316410000.0,589788240,589788240,2026-06-04,2026-06-04 16:11:58+08:00
588780,科创芯片设计ETF国联安,1.098,1.0967,-0.12,0.014,1.29,2238371.0,245060484.0,1.065,1.107,1.06,1.084,4.34,27.17,0.7,-23.68,1263040.0,975331.0,-15111645.0,-6.17,-5956842.0,-2.43,-9154803.0,-3.74,14533045.0,5.93,578600.0,0.24,-52.0,1.098,1.099,823902000.0,904644396,904644396,2026-06-04,2026-06-04 16:11:58+08:00
588190,科创100ETF银华,1.801,1.799,-0.11,0.023,1.29,776422.0,139111721.0,1.762,1.812,1.742,1.778,3.94,4.91,0.72,90.0,444084.0,332337.0,7040548.0,5.06,-6463981.0,-4.65,13504529.0,9.71,-2082932.0,-1.5,-4957616.0,-3.56,110.0,1.8,1.801,1582618304.0,2850295566,2850295566,2026-06-04,2026-06-04 16:11:38+08:00
588120,科创100ETF国泰,1.825,1.8247,-0.02,0.023,1.28,417906.0,75982066.0,1.781,1.838,1.773,1.802,3.61,7.52,0.53,5.96,224434.0,193471.0,1366836.0,1.8,-191038.0,-0.25,1557874.0,2.05,-992759.0,-1.31,-374078.0,-0.49,-10.0,1.825,1.826,555811008.0,1014355090,1014355090,2026-06-04,2026-06-04 16:11:43+08:00
589210,科创芯片设计ETF广发,1.512,1.5125,0.03,0.019,1.27,33042.0,4974260.0,1.466,1.526,1.466,1.493,4.02,6.82,0.58,-5.4,14337.0,18705.0,-22599.0,-0.45,-311257.0,-6.26,288658.0,5.8,-23677.0,-0.48,46276.0,0.93,-150.0,1.512,1.514,48469000.0,73285128,73285128,2026-06-04,2026-06-04 16:12:02+08:00
589170,科创芯片设计ETF鹏华,1.204,1.2051,0.09,0.015,1.26,52672.0,6331431.0,1.183,1.216,1.16,1.189,4.71,5.12,0.49,21.82,25442.0,27230.0,1078256.0,17.03,-51140.0,-0.81,1129396.0,17.84,-635119.0,-10.03,-443136.0,-7.0,-2.0,1.203,1.204,102909000.0,123902436,123902436,2026-06-04,2026-06-04 16:11:33+08:00
589980,科创100ETF汇添富,1.854,1.8552,0.06,0.023,1.26,20523.0,3810068.0,1.804,1.866,1.804,1.831,3.39,1.55,0.78,20.01,6615.0,13908.0,914505.0,24.0,86168.0,2.26,828337.0,21.74,-822742.0,-21.59,-91763.0,-2.41,3.0,1.853,1.854,132122000.0,244954188,244954188,2026-06-04,2026-06-04 16:11:44+08:00
588800,科创100ETF华夏,1.783,1.782,-0.06,0.022,1.25,1511659.0,268907564.0,1.73,1.795,1.73,1.761,3.69,10.54,0.69,26.78,816562.0,695097.0,2206743.0,0.82,-990040.0,-0.37,3196783.0,1.19,-537378.0,-0.2,-1669364.0,-0.62,19.0,1.782,1.783,1434877008.0,2558385705,2558385705,2026-06-04,2026-06-04 16:12:02+08:00
589270,科创100ETF前海开源,1.134,1.1372,0.28,0.014,1.25,53324.0,6048176.0,1.116,1.14,1.11,1.12,2.68,12.54,1.02,-9.78,33403.0,19921.0,-49285.0,-0.81,3621016.0,59.87,-3670301.0,-60.68,100482.0,1.66,-51198.0,-0.85,-4.0,1.132,1.135,42516600.0,48213824,48213824,2026-06-04,2026-06-04 16:11:45+08:00
588980,科创100ETF广发,1.634,1.6357,0.1,0.02,1.24,8794.0,1438325.0,1.598,1.645,1.594,1.614,3.16,6.1,0.6,-13.05,2585.0,6209.0,58941.0,4.1,0.0,0.0,58941.0,4.1,-7010.0,-0.49,-51931.0,-3.61,-30.0,1.634,1.637,14420000.0,23562280,23562280,2026-06-04,2026-06-04 16:11:34+08:00
516800,智能制造ETF华宝,1.065,1.0651,0.01,0.013,1.24,203823.0,21628535.0,1.05,1.071,1.037,1.052,3.23,9.51,0.8,-21.61,88958.0,114865.0,-31921.0,-0.15,-1289011.0,-5.96,1257090.0,5.81,-266852.0,-1.23,298775.0,1.38,12.0,1.063,1.065,214308000.0,228238020,228238020,2026-06-04,2026-06-04 16:11:36+08:00
159502,标普生物科技ETF嘉实,1.304,1.3091,0.39,0.016,1.24,1940133.0,253041747.18,1.304,1.311,1.299,1.288,0.93,15.53,1.1,-19.68,966298.0,973835.0,33536922.0,13.25,37086884.0,14.66,-3549962.0,-1.4,-25133669.0,-9.93,-8403252.0,-3.32,-25518.0,1.304,1.305,1249323024.0,1629117223,1629117223,2026-06-04,2026-06-04 15:34:21+08:00
588220,科创100ETF鹏华,1.803,1.8035,0.03,0.022,1.24,2374606.0,426220802.0,1.756,1.815,1.75,1.781,3.65,7.35,0.5,28.23,1281225.0,1093381.0,11138075.0,2.61,-1204423.0,-0.28,12342498.0,2.9,984399.0,0.23,-12122476.0,-2.84,-88.0,1.802,1.804,3228697904.0,5821342321,5821342321,2026-06-04,2026-06-04 16:12:00+08:00
588290,科创芯片ETF华安,3.545,3.5475,0.07,0.043,1.23,1559689.0,551527612.0,3.423,3.587,3.423,3.502,4.68,12.1,0.62,30.88,803229.0,756460.0,9593146.0,1.74,38623895.0,7.0,-29030749.0,-5.26,-10458192.0,-1.9,865046.0,0.16,-10.0,3.545,3.546,1288897008.0,4569139893,4569139893,2026-06-04,2026-06-04 16:11:57+08:00
588240,科创200ETF鹏华,1.831,1.8286,-0.13,0.022,1.22,276391.0,50019993.0,1.809,1.838,1.769,1.809,3.81,21.0,0.81,55.74,138089.0,138302.0,2536655.0,5.07,36592.0,0.07,2500063.0,5.0,-1653714.0,-3.31,-882941.0,-1.77,1.0,1.829,1.831,131633000.0,241020023,241020023,2026-06-04,2026-06-04 16:11:44+08:00
589200,科创200ETF工银,1.524,1.5272,0.21,0.018,1.2,43097.0,6530660.0,1.494,1.531,1.494,1.506,2.46,15.12,1.04,-9.35,15819.0,27278.0,-503984.0,-7.72,132873.0,2.03,-636857.0,-9.75,581016.0,8.9,-77031.0,-1.18,-101.0,1.523,1.527,28507000.0,43444668,43444668,2026-06-04,2026-06-04 16:11:37+08:00
159779,消费电子ETF招商,1.701,1.6988,-0.13,0.02,1.19,89713.0,15103440.416,1.643,1.715,1.634,1.681,4.82,6.41,0.44,9.09,51184.0,38529.0,955774.0,6.33,1310553.0,8.68,-354779.0,-2.35,-1853353.0,-12.27,897579.0,5.94,-378.0,1.701,1.704,139869337.0,237917742,237917742,2026-06-04,2026-06-04 15:34:15+08:00
588820,科创200ETF华夏,2.133,2.1334,0.02,0.025,1.19,136063.0,28687351.0,2.09,2.141,2.07,2.108,3.37,8.64,0.79,-19.92,66403.0,69660.0,1773551.0,6.18,710799.0,2.48,1062752.0,3.7,-357487.0,-1.25,-1416064.0,-4.94,-1.0,2.133,2.134,157400000.0,335734200,335734200,2026-06-04,2026-06-04 16:12:01+08:00
589070,科创芯片设计ETF天弘,1.194,1.1956,0.13,0.014,1.19,990486.0,118051975.0,1.162,1.205,1.157,1.18,4.07,30.83,1.07,40.73,540620.0,449866.0,1903727.0,1.61,1027899.0,0.87,875828.0,0.74,-2041330.0,-1.73,137603.0,0.12,-70.0,1.193,1.196,321293008.0,383623852,383623852,2026-06-04,2026-06-04 16:11:56+08:00
588030,科创100ETF博时,1.812,1.8106,-0.08,0.021,1.17,871929.0,157400563.0,1.782,1.825,1.759,1.791,3.69,3.18,0.43,-29.97,484695.0,387234.0,1233231.0,0.78,1172593.0,0.74,60638.0,0.04,-55777.0,-0.04,-1177455.0,-0.75,-16.0,1.812,1.813,2741838096.0,4968210630,4968210630,2026-06-04,2026-06-04 16:11:45+08:00
589320,科创200ETF嘉实,0.953,0.9539,0.09,0.011,1.17,269923.0,25584997.0,0.933,0.957,0.927,0.942,3.18,9.57,1.0,-24.92,193882.0,76041.0,1634638.0,6.39,5299053.0,20.71,-3664415.0,-14.32,-1341793.0,-5.24,-292845.0,-1.14,100.0,0.952,0.953,282053008.0,268796517,268796517,2026-06-04,2026-06-04 16:11:47+08:00
588550,科创综指增强ETF易方达,1.467,1.4686,0.11,0.017,1.17,25346.0,3709799.0,1.45,1.481,1.438,1.45,2.97,4.58,0.44,18.45,12638.0,12708.0,719237.0,19.39,0.0,0.0,719237.0,19.39,-782617.0,-21.1,63380.0,1.71,-34.0,1.46,1.468,55290000.0,81110430,81110430,2026-06-04,2026-06-04 16:11:49+08:00
512220,TMTETF景顺,4.327,4.3375,0.24,0.049,1.15,84376.0,36310036.0,4.193,4.357,4.193,4.278,3.83,4.69,0.86,43.79,48366.0,36010.0,-96360.0,-0.27,6921680.0,19.06,-7018040.0,-19.33,-849929.0,-2.34,946289.0,2.61,-5.0,4.326,4.33,179967600.0,778719805,778719805,2026-06-04,2026-06-04 16:11:38+08:00
513290,纳指生物科技ETF汇添富,1.423,1.4308,0.55,0.016,1.14,675245.0,96169342.0,1.426,1.432,1.418,1.407,1.0,6.99,1.05,-50.47,327454.0,347791.0,1394258.0,1.45,-7286264.0,-7.58,8680522.0,9.03,8972921.0,9.33,-10367178.0,-10.78,15.0,1.422,1.423,966572096.0,1375432093,1375432093,2026-06-04,2026-06-04 16:11:34+08:00
588880,科创100ETF华泰柏瑞,1.778,1.7793,0.07,0.02,1.14,57437.0,10210712.0,1.741,1.792,1.732,1.758,3.41,5.61,0.73,1.38,29307.0,28130.0,1075114.0,10.53,1986141.0,19.45,-911027.0,-8.92,-665013.0,-6.51,-410100.0,-4.02,-5.0,1.777,1.778,102368000.0,182010304,182010304,2026-06-04,2026-06-04 16:11:57+08:00
589950,科创100ETF富国,1.339,1.3401,0.08,0.015,1.13,24045.0,3217435.0,1.311,1.351,1.3,1.324,3.85,0.81,0.39,-39.12,11086.0,12959.0,1043663.0,32.44,260234.0,8.09,783429.0,24.35,-848850.0,-26.38,-194814.0,-6.05,-1.0,1.339,1.341,297873008.0,398851958,398851958,2026-06-04,2026-06-04 16:12:00+08:00
588140,科创200ETF广发,1.34,1.3437,0.28,0.015,1.13,112171.0,14959744.0,1.303,1.348,1.301,1.325,3.55,4.37,1.23,52.73,54773.0,57398.0,5115706.0,34.2,7035819.0,47.03,-1920113.0,-12.84,-3299276.0,-22.05,-1816430.0,-12.14,-22.0,1.34,1.342,256751000.0,344046340,344046340,2026-06-04,2026-06-04 16:11:57+08:00
159538,信创ETF富国,1.994,1.9947,0.04,0.022,1.12,48287.0,9618069.0,1.953,2.004,1.943,1.972,3.09,8.58,1.06,19.24,24527.0,23760.0,2647716.0,27.53,2643141.0,27.48,4575.0,0.05,-2563727.0,-26.66,-83988.0,-0.87,300.0,1.992,1.994,56304483.0,112271139,112271139,2026-06-04,2026-06-04 15:34:21+08:00
589780,科创200ETF富国,1.356,1.3562,0.01,0.015,1.12,16410.0,2206310.0,1.341,1.4,1.319,1.341,6.04,2.73,0.51,-37.15,10482.0,5928.0,181729.0,8.24,0.0,0.0,181729.0,8.24,-211480.0,-9.59,29752.0,1.35,230.0,1.356,1.357,60215000.0,81651540,81651540,2026-06-04,2026-06-04 16:11:46+08:00
588900,科创100ETF南方,1.84,1.8407,0.04,0.02,1.1,36396.0,6694788.0,1.793,1.852,1.793,1.82,3.24,1.11,0.78,37.67,16621.0,19775.0,649504.0,9.7,37168.0,0.56,612336.0,9.15,-312556.0,-4.67,-336948.0,-5.03,7.0,1.838,1.84,328783008.0,604960735,604960735,2026-06-04,2026-06-04 16:11:41+08:00
159537,信创ETF国泰,1.984,1.9862,0.11,0.021,1.07,24658.0,4888745.834,1.963,2.0,1.923,1.963,3.92,4.6,0.46,-7.47,12165.0,12493.0,1142357.0,23.37,-373448.0,-7.64,1515805.0,31.01,-987381.0,-20.2,-154977.0,-3.17,79.0,1.982,1.984,53642602.0,106426922,106426922,2026-06-04,2026-06-04 15:34:30+08:00
588230,科创200ETF华泰柏瑞,1.993,1.9975,0.23,0.021,1.06,1102827.0,217838805.0,1.937,2.002,1.931,1.972,3.6,17.68,1.03,29.87,534408.0,568419.0,6846789.0,3.14,12053231.0,5.53,-5206442.0,-2.39,-3859896.0,-1.77,-2986893.0,-1.37,-27.0,1.993,1.994,623939008.0,1243510443,1243510443,2026-06-04,2026-06-04 16:11:51+08:00
159811,5GETF博时,3.609,3.6077,-0.04,0.037,1.04,112679.0,40344587.7,3.499,3.637,3.499,3.572,3.86,16.3,0.8,38.57,53345.0,59334.0,-1736191.0,-4.3,1755516.0,4.35,-3491707.0,-8.65,14759.0,0.04,1721433.0,4.27,-875.0,3.609,3.61,69143393.0,249538505,249538505,2026-06-04,2026-06-04 15:34:36+08:00
561220,数字经济ETF工银,1.865,1.8644,-0.03,0.019,1.03,31996.0,5945484.0,1.818,1.877,1.818,1.846,3.2,8.64,0.53,1.17,18619.0,13377.0,-695521.0,-11.7,0.0,0.0,-695521.0,-11.7,669978.0,11.27,25543.0,0.43,9.0,1.863,1.865,37053000.0,69103845,69103845,2026-06-04,2026-06-04 16:11:48+08:00
589030,科创芯片设计ETF易方达,1.27,1.2728,0.22,0.013,1.03,846832.0,107510411.0,1.237,1.285,1.23,1.257,4.38,28.13,0.88,44.14,508380.0,338452.0,-1356502.0,-1.26,534797.0,0.5,-1891299.0,-1.76,266723.0,0.25,1089778.0,1.01,-9.0,1.27,1.271,301077008.0,382367800,382367800,2026-06-04,2026-06-04 16:11:37+08:00
159385,数字经济ETF富国,1.877,1.8754,-0.09,0.019,1.02,67124.0,12509282.6,1.858,1.89,1.825,1.858,3.5,18.14,0.74,14.84,30216.0,36908.0,-48389.0,-0.39,-2095037.0,-16.75,2046648.0,16.36,-255928.0,-2.05,304316.0,2.43,235.0,1.875,1.877,37002525.0,69453739,69453739,2026-06-04,2026-06-04 15:34:24+08:00
589500,科创综指ETF工银,1.677,1.6794,0.14,0.017,1.02,91770.0,15341530.0,1.647,1.686,1.647,1.66,2.35,10.19,1.13,19.43,53964.0,37806.0,625868.0,4.08,336080.0,2.19,289788.0,1.89,-584326.0,-3.81,-41543.0,-0.27,2.0,1.674,1.677,90064000.0,151037328,151037328,2026-06-04,2026-06-04 16:11:53+08:00
588210,科创100ETF易方达,1.803,1.804,0.06,0.018,1.01,41890.0,7520855.0,1.753,1.817,1.753,1.785,3.59,2.35,0.43,20.51,20283.0,21607.0,609919.0,8.11,838585.0,11.15,-228666.0,-3.04,-309462.0,-4.11,-300458.0,-3.99,319.0,1.804,1.805,178254000.0,321391962,321391962,2026-06-04,2026-06-04 16:11:43+08:00
589060,科创综指ETF东财,1.741,1.7441,0.18,0.017,0.99,30539.0,5296307.0,1.7,1.75,1.698,1.724,3.02,4.23,0.93,-46.23,20555.0,9984.0,338901.0,6.4,-662111.0,-12.5,1001012.0,18.9,-351144.0,-6.63,12242.0,0.23,3.0,1.738,1.74,72137900.0,125592084,125592084,2026-06-04,2026-06-04 16:11:37+08:00
515000,科技ETF华宝,1.441,1.4403,-0.05,0.014,0.98,1082083.0,154482924.0,1.4,1.449,1.396,1.427,3.71,4.77,0.83,-7.69,610103.0,471980.0,-5975259.0,-3.87,-2132349.0,-1.38,-3842910.0,-2.49,5060229.0,3.28,915029.0,0.59,20.0,1.44,1.441,2270579296.0,3271904766,3271904766,2026-06-04,2026-06-04 16:12:01+08:00
512970,大湾区ETF平安,1.652,1.644,-0.49,0.016,0.98,2727.0,448110.0,1.622,1.652,1.622,1.636,1.83,2.73,0.37,70.44,974.0,1753.0,9220.0,2.06,0.0,0.0,9220.0,2.06,4109.0,0.92,-13329.0,-2.97,-21.0,1.652,1.659,9987600.0,16499515,16499515,2026-06-04,2026-06-04 16:11:55+08:00
159306,汽车零部件ETF平安,1.373,1.3729,-0.01,0.013,0.96,22106.0,3030968.4,1.353,1.388,1.349,1.36,2.87,10.41,1.91,-40.47,5877.0,16229.0,-125679.0,-4.15,721797.0,23.81,-847476.0,-27.96,49518.0,1.63,76161.0,2.51,50.0,1.369,1.373,21244616.0,29168858,29168858,2026-06-04,2026-06-04 15:34:36+08:00
588460,科创50增强ETF鹏华,2.132,2.1318,-0.01,0.02,0.95,359091.0,76397394.0,2.075,2.153,2.07,2.112,3.93,5.58,0.96,-30.9,160198.0,198893.0,-10360169.0,-13.56,-2024326.0,-2.65,-8335843.0,-10.91,10167504.0,13.31,192666.0,0.25,-50.0,2.132,2.135,643514000.0,1371971848,1371971848,2026-06-04,2026-06-04 16:11:56+08:00
159539,信创ETF广发,1.961,1.9661,0.26,0.018,0.93,66037.0,12896150.2,1.903,1.98,1.902,1.943,4.01,10.23,0.63,-37.1,32806.0,33231.0,1405464.0,10.9,499159.0,3.87,906305.0,7.03,-858776.0,-6.66,-546687.0,-4.24,-143.0,1.961,1.962,64565182.0,126612322,126612322,2026-06-04,2026-06-04 15:34:03+08:00
159389,数字经济ETF嘉实,1.87,1.8728,0.15,0.017,0.92,42966.0,8005521.0,1.859,1.884,1.824,1.853,3.24,4.99,0.34,-5.8,20032.0,22934.0,-372777.0,-4.66,-23763.0,-0.3,-349014.0,-4.36,635276.0,7.94,-262499.0,-3.28,-23.0,1.868,1.87,86093364.0,160994591,160994591,2026-06-04,2026-06-04 15:34:33+08:00
562700,汽车零部件ETF华夏,1.428,1.4266,-0.1,0.013,0.92,310224.0,44113423.0,1.416,1.445,1.401,1.415,3.11,26.57,1.53,-25.7,224032.0,86192.0,-3254959.0,-7.38,309872.0,0.7,-3564831.0,-8.08,2883380.0,6.54,371579.0,0.84,54.0,1.427,1.428,116750000.0,166719000,166719000,2026-06-04,2026-06-04 16:11:38+08:00
159565,汽车零部件ETF易方达,1.546,1.5438,-0.14,0.014,0.91,200608.0,30958658.5,1.536,1.561,1.516,1.532,2.94,12.97,0.8,-22.7,110908.0,89700.0,1187193.0,3.83,-884790.0,-2.86,2071983.0,6.69,-1791262.0,-5.79,604069.0,1.95,242.0,1.545,1.546,154627231.0,239053699,239053699,2026-06-04,2026-06-04 15:34:36+08:00
159540,信创ETF易方达,2.097,2.0966,-0.02,0.019,0.91,138098.0,28895808.0,2.048,2.112,2.03,2.078,3.95,13.34,0.71,6.96,64937.0,73161.0,655536.0,2.27,1115975.0,3.86,-460439.0,-1.59,-543295.0,-1.88,-112241.0,-0.39,-145.0,2.097,2.098,103505191.0,217050386,217050386,2026-06-04,2026-06-04 15:34:24+08:00
589660,科创综指ETF南方,1.669,1.6666,-0.14,0.015,0.91,270276.0,45060064.0,1.628,1.68,1.626,1.654,3.26,10.33,1.0,6.72,114572.0,155704.0,1271373.0,2.82,-553671.0,-1.23,1825044.0,4.05,-1074374.0,-2.38,-196998.0,-0.44,3.0,1.666,1.668,261530000.0,436493570,436493570,2026-06-04,2026-06-04 16:11:56+08:00
589220,科创200ETF国泰,1.123,1.125,0.18,0.01,0.9,375244.0,41827881.0,1.107,1.127,1.09,1.113,3.32,8.84,1.08,-14.81,185359.0,189885.0,3795051.0,9.07,5080949.0,12.15,-1285898.0,-3.07,-3246671.0,-7.76,-548380.0,-1.31,-50.0,1.123,1.126,424495808.0,476708792,476708792,2026-06-04,2026-06-04 16:11:59+08:00
159807,科技ETF易方达,1.013,1.013,0.0,0.009,0.9,632661.0,63694056.042,0.984,1.02,0.981,1.004,3.88,7.44,0.82,-17.59,246945.0,385716.0,584993.0,0.92,5285202.0,8.3,-4700209.0,-7.38,-883606.0,-1.39,298614.0,0.47,741.0,1.012,1.013,850051424.0,861102093,861102093,2026-06-04,2026-06-04 15:34:33+08:00
159994,通信ETF银华,1.568,1.5684,0.03,0.014,0.9,2012754.0,313833659.1,1.515,1.58,1.515,1.554,4.18,8.86,1.11,52.82,923602.0,1089152.0,23588305.0,7.52,22107411.0,7.04,1480894.0,0.47,-31149938.0,-9.93,7561633.0,2.41,-5657.0,1.568,1.569,2271003360.0,3560933268,3560933268,2026-06-04,2026-06-04 15:34:18+08:00
589880,科创综指ETF建信,1.649,1.6518,0.17,0.014,0.86,155224.0,25594179.0,1.61,1.661,1.61,1.635,3.12,3.61,0.7,45.58,92667.0,62557.0,4830060.0,18.87,115924.0,0.45,4714136.0,18.42,-4928640.0,-19.26,98580.0,0.39,-1174.0,1.648,1.652,429996000.0,709063404,709063404,2026-06-04,2026-06-04 16:12:02+08:00
159945,能源ETF广发,1.442,1.443,0.07,0.012,0.84,182868.0,26402802.3,1.417,1.458,1.4,1.43,4.06,19.86,1.51,16.81,98812.0,84056.0,525475.0,1.99,-7585594.0,-28.73,8111069.0,30.72,-210668.0,-0.8,-314805.0,-1.19,-203.0,1.442,1.443,92072327.0,132768296,132768296,2026-06-04,2026-06-04 15:34:54+08:00
588150,科创50ETF南方,1.228,1.2288,0.07,0.01,0.82,294704.0,36149901.0,1.218,1.243,1.196,1.218,3.86,9.71,0.71,-19.48,181954.0,112750.0,892012.0,2.47,2178626.0,6.03,-1286614.0,-3.56,-782182.0,-2.16,-109829.0,-0.3,24.0,1.227,1.228,303432608.0,372615243,372615243,2026-06-04,2026-06-04 16:11:49+08:00
589600,科创综指ETF富国,1.651,1.6536,0.16,0.013,0.79,53716.0,8857874.0,1.615,1.663,1.615,1.638,2.93,2.3,0.94,14.65,26879.0,26837.0,1186349.0,13.39,-477189.0,-5.39,1663538.0,18.78,-1111457.0,-12.55,-74892.0,-0.85,-12.0,1.651,1.652,233535000.0,385566285,385566285,2026-06-04,2026-06-04 16:11:50+08:00
516050,科技龙头ETF工银,1.538,1.534,-0.26,0.012,0.79,51876.0,7928185.0,1.494,1.55,1.49,1.526,3.93,3.08,0.44,26.01,22917.0,28959.0,-593591.0,-7.49,-399501.0,-5.04,-194090.0,-2.45,705090.0,8.89,-111499.0,-1.41,1096.0,1.538,1.54,168228000.0,258734664,258734664,2026-06-04,2026-06-04 16:11:36+08:00
516330,物联网ETF华泰柏瑞,1.817,1.812,-0.28,0.014,0.78,568.0,102633.0,1.821,1.821,1.776,1.803,2.5,0.67,0.08,-11.67,381.0,187.0,13128.0,12.79,0.0,0.0,13128.0,12.79,0.0,0.0,-13128.0,-12.79,35.0,1.81,1.818,8471300.0,15392352,15392352,2026-06-04,2026-06-04 16:11:38+08:00
159197,石油ETF招商,0.92,0.9141,-0.65,0.007,0.77,141441.0,12929183.5,0.904,0.92,0.904,0.913,1.75,30.49,0.92,36.38,71989.0,69452.0,458601.0,3.55,457000.0,3.53,1601.0,0.01,-351250.0,-2.72,-107351.0,-0.83,36.0,0.917,0.92,46388290.0,42677227,42677227,2026-06-04,2026-06-04 15:34:00+08:00
588450,科创50增强ETF招商,2.26,2.2598,-0.01,0.017,0.76,65250.0,14641838.0,2.243,2.277,2.209,2.243,3.03,13.43,0.82,1.71,36481.0,28769.0,1582121.0,10.81,1596465.0,10.9,-14344.0,-0.1,-1975412.0,-13.49,393290.0,2.69,128.0,2.258,2.261,48568700.0,109765262,109765262,2026-06-04,2026-06-04 16:11:51+08:00
510720,红利国企ETF国泰,1.058,1.0579,-0.01,0.008,0.76,2061206.0,217864722.0,1.048,1.068,1.039,1.05,2.76,11.15,0.74,-41.28,1394787.0,666419.0,26595410.0,12.21,28956407.0,13.29,-2360997.0,-1.08,-18433827.0,-8.46,-8161582.0,-3.75,-40.0,1.058,1.059,1848766000.0,1955994428,1955994428,2026-06-04,2026-06-04 16:11:50+08:00
159896,物联网ETF南方,1.478,1.4782,0.01,0.011,0.75,40072.0,5900037.4,1.467,1.51,1.446,1.467,4.36,11.43,2.54,0.0,23992.0,16080.0,-191939.0,-3.25,468966.0,7.95,-660905.0,-11.2,74591.0,1.26,117348.0,1.99,47.0,1.476,1.479,35055960.0,51812709,51812709,2026-06-04,2026-06-04 15:34:30+08:00
563560,科技成长ETF兴业,1.343,1.345,0.15,0.01,0.75,77372.0,10354688.0,1.325,1.35,1.313,1.333,2.78,12.53,0.79,-18.94,38322.0,39050.0,-1238463.0,-11.96,-2463826.0,-23.79,1225363.0,11.83,609403.0,5.89,629060.0,6.08,200.0,1.342,1.343,61769000.0,82955767,82955767,2026-06-04,2026-06-04 16:11:58+08:00
589680,科创综指ETF鹏华,1.622,1.6207,-0.08,0.012,0.75,749640.0,121436796.0,1.584,1.633,1.584,1.61,3.04,8.15,0.85,-50.61,392135.0,357505.0,11317574.0,9.32,-416495.0,-0.34,11734069.0,9.66,-11042122.0,-9.09,-275451.0,-0.23,-286.0,1.622,1.623,919943696.0,1492148675,1492148675,2026-06-04,2026-06-04 16:12:00+08:00
515920,智能消费ETF博时,1.365,1.3682,0.23,0.01,0.74,71569.0,9731035.0,1.347,1.374,1.339,1.355,2.58,10.62,0.55,-2.13,50964.0,20605.0,27095.0,0.28,-2207109.0,-22.68,2234204.0,22.96,256998.0,2.64,-284094.0,-2.92,-8.0,1.363,1.366,67405700.0,92008781,92008781,2026-06-04,2026-06-04 16:11:33+08:00
530880,红利国企ETF银河,1.11,1.1124,0.22,0.008,0.73,63071.0,7016526.0,1.104,1.125,1.093,1.102,2.9,11.5,1.19,22.66,34644.0,28427.0,668216.0,9.52,1832073.0,26.11,-1163857.0,-16.59,-559895.0,-7.98,-108321.0,-1.54,-30.0,1.11,1.112,54836000.0,60867960,60867960,2026-06-04,2026-06-04 16:11:50+08:00
589080,科创综指ETF汇添富,1.647,1.6497,0.16,0.012,0.73,229146.0,37736833.0,1.606,1.659,1.606,1.635,3.24,16.02,1.23,-10.78,86658.0,142488.0,57762.0,0.15,-2833643.0,-7.51,2891405.0,7.66,400693.0,1.06,-458454.0,-1.21,20.0,1.647,1.648,143061000.0,235621467,235621467,2026-06-04,2026-06-04 16:11:59+08:00
589330,科创200ETF东财,0.96,0.9632,0.33,0.007,0.73,108713.0,10403833.0,0.949,0.964,0.936,0.953,2.94,5.04,0.82,-6.27,80869.0,27844.0,738976.0,7.1,625503.0,6.01,113473.0,1.09,-607356.0,-5.84,-131620.0,-1.27,-317.0,0.961,0.963,215902000.0,207265920,207265920,2026-06-04,2026-06-04 16:11:58+08:00
588280,科创50ETF华安,1.255,1.2551,0.01,0.009,0.72,131228.0,16449717.0,1.229,1.27,1.226,1.246,3.53,4.97,0.71,-29.04,70959.0,60269.0,1266615.0,7.7,2464647.0,14.98,-1198032.0,-7.28,-503226.0,-3.06,-763389.0,-4.64,10.0,1.254,1.255,264121000.0,331471855,331471855,2026-06-04,2026-06-04 16:11:45+08:00
515050,通信ETF华夏,1.28,1.2809,0.07,0.009,0.71,10075705.0,1283486621.0,1.238,1.293,1.238,1.271,4.33,7.76,0.95,-11.82,5312640.0,4763065.0,-156844272.0,-12.22,-146354688.0,-11.4,-10489584.0,-0.82,83464087.0,6.5,73380181.0,5.72,-1282.0,1.28,1.281,12979205376.0,16613382881,16613382881,2026-06-04,2026-06-04 16:11:43+08:00
589050,科创综指ETF兴业,1.45,1.4515,0.1,0.01,0.69,15013.0,2178978.0,1.422,1.48,1.417,1.44,4.38,3.2,0.64,-48.07,8561.0,6452.0,74757.0,3.43,0.0,0.0,74757.0,3.43,-49277.0,-2.26,-25479.0,-1.17,-18.0,1.45,1.454,46968000.0,68103600,68103600,2026-06-04,2026-06-04 16:11:47+08:00
589770,科创综指ETF招商,1.671,1.6765,0.33,0.011,0.66,139502.0,23307778.0,1.644,1.683,1.629,1.66,3.25,7.81,1.27,5.03,68540.0,70962.0,2186690.0,9.38,-1766471.0,-7.58,3953161.0,16.96,-2365590.0,-10.15,178900.0,0.77,-2.0,1.671,1.672,178569200.0,298389133,298389133,2026-06-04,2026-06-04 16:11:57+08:00
589850,科创50ETF东财,1.669,1.6687,-0.02,0.011,0.66,470669.0,78297095.0,1.629,1.689,1.628,1.658,3.68,12.72,0.54,-27.63,243391.0,227278.0,4208023.0,5.37,6253554.0,7.99,-2045531.0,-2.61,-2712731.0,-3.46,-1495291.0,-1.91,-26.0,1.669,1.67,370057008.0,617625146,617625146,2026-06-04,2026-06-04 16:11:45+08:00
588100,科创信息ETF嘉实,2.727,2.7279,0.03,0.018,0.66,57314.0,15628087.0,2.682,2.76,2.634,2.709,4.65,8.99,0.69,11.01,25234.0,32080.0,86223.0,0.55,291170.0,1.86,-204947.0,-1.31,-325094.0,-2.08,238870.0,1.53,59.0,2.726,2.727,63748700.0,173842705,173842705,2026-06-04,2026-06-04 16:11:51+08:00
159530,机器人ETF易方达,1.549,1.5487,-0.02,0.01,0.65,5616993.0,873862830.624,1.521,1.583,1.518,1.539,4.22,5.83,0.81,62.84,2891478.0,2725515.0,-54397342.0,-6.22,-56550862.0,-6.47,2153520.0,0.25,24788159.0,2.84,29609184.0,3.39,-23692.0,1.549,1.55,9635613184.0,14925564822,14925564822,2026-06-04,2026-06-04 15:34:48+08:00
516260,物联网ETF华夏,1.581,1.5825,0.09,0.01,0.64,11155.0,1762700.0,1.57,1.588,1.549,1.571,2.48,2.33,0.89,0.07,5037.0,6118.0,-106647.0,-6.05,0.0,0.0,-106647.0,-6.05,153199.0,8.69,-46552.0,-2.64,-27.0,1.581,1.587,47882600.0,75702391,75702391,2026-06-04,2026-06-04 16:11:40+08:00
563050,央企科技ETF易方达,1.406,1.4048,-0.09,0.009,0.64,65662.0,9150432.0,1.383,1.411,1.373,1.397,2.72,5.16,0.95,26.39,43606.0,22056.0,-1625108.0,-17.76,-2536811.0,-27.72,911703.0,9.96,1166437.0,12.75,458671.0,5.01,85.0,1.403,1.406,127208400.0,178855010,178855010,2026-06-04,2026-06-04 16:11:40+08:00
588060,科创50ETF广发,1.105,1.106,0.09,0.007,0.64,2452167.0,270103366.0,1.078,1.119,1.075,1.098,4.01,4.74,0.54,5.23,1245374.0,1206793.0,6305764.0,2.33,-13967140.0,-5.17,20272904.0,7.51,-4093390.0,-1.52,-2212373.0,-0.82,-46.0,1.105,1.106,5173139968.0,5716319665,5716319665,2026-06-04,2026-06-04 16:11:34+08:00
588180,科创50ETF国联安,1.126,1.1283,0.2,0.007,0.63,260033.0,29303555.0,1.101,1.14,1.1,1.119,3.57,2.76,0.71,14.73,120397.0,139636.0,1828227.0,6.24,5255021.0,17.93,-3426794.0,-11.69,-1289537.0,-4.4,-538690.0,-1.84,-10.0,1.126,1.127,941353696.0,1059964262,1059964262,2026-06-04,2026-06-04 16:11:39+08:00
159701,物联网ETF招商,1.464,1.4644,0.03,0.009,0.62,16246.0,2357256.2,1.477,1.499,1.44,1.455,4.05,21.08,1.05,27.73,13709.0,2537.0,-94570.0,-4.01,-71735.0,-3.04,-22835.0,-0.97,-32874.0,-1.39,127446.0,5.41,27.0,1.463,1.464,7705601.0,11281000,11281000,2026-06-04,2026-06-04 15:34:06+08:00
588050,科创50ETF工银,1.783,1.7845,0.08,0.011,0.62,1410714.0,251414675.0,1.743,1.806,1.74,1.772,3.72,3.07,0.47,-16.01,830793.0,579921.0,-5407826.0,-2.15,-10077709.0,-4.01,4669883.0,1.86,6090119.0,2.42,-682293.0,-0.27,5.0,1.782,1.783,4591241216.0,8186183088,8186183088,2026-06-04,2026-06-04 16:11:57+08:00
589890,科创综指ETF景顺,1.646,1.6475,0.09,0.01,0.61,43160.0,7104719.0,1.62,1.66,1.62,1.636,2.44,4.8,0.46,-5.11,20081.0,23079.0,876197.0,12.33,0.0,0.0,876197.0,12.33,-1095145.0,-15.41,218948.0,3.08,88.0,1.646,1.648,89987000.0,148118602,148118602,2026-06-04,2026-06-04 16:11:47+08:00
589800,科创综指ETF易方达,1.66,1.6604,0.02,0.01,0.61,663821.0,109947773.0,1.62,1.674,1.62,1.65,3.27,6.64,0.74,-30.1,322045.0,341776.0,1991540.0,1.81,1092170.0,0.99,899370.0,0.82,-846925.0,-0.77,-1144615.0,-1.04,-115.0,1.66,1.661,999988208.0,1659980425,1659980425,2026-06-04,2026-06-04 16:11:50+08:00
589000,科创综指ETF华夏,1.655,1.6534,-0.1,0.01,0.61,529969.0,87650031.0,1.634,1.67,1.619,1.645,3.1,6.4,0.58,-66.84,254938.0,275031.0,4786905.0,5.46,-4444937.0,-5.07,9231842.0,10.53,-4597905.0,-5.25,-189001.0,-0.22,-100.0,1.655,1.656,827507808.0,1369525422,1369525422,2026-06-04,2026-06-04 16:11:57+08:00
517850,张江ETF汇添富,1.348,1.3493,0.1,0.008,0.6,6887.0,928513.0,1.32,1.362,1.32,1.34,3.13,1.8,0.6,0.82,4315.0,2572.0,275154.0,29.63,0.0,0.0,275154.0,29.63,-370974.0,-39.95,95820.0,10.32,19.0,1.346,1.348,38185200.0,51473650,51473650,2026-06-04,2026-06-04 16:11:56+08:00
588500,科创100增强ETF易方达,2.702,2.703,0.04,0.016,0.6,23980.0,6406158.0,2.686,2.712,2.62,2.686,3.43,6.05,0.76,-40.57,15759.0,8221.0,576017.0,8.99,0.0,0.0,576017.0,8.99,-1256397.0,-19.61,680379.0,10.62,-36.0,2.702,2.703,39647000.0,107126194,107126194,2026-06-04,2026-06-04 16:11:39+08:00
561760,油气ETF博时,1.355,1.3474,-0.56,0.008,0.59,173686.0,23491544.0,1.347,1.361,1.336,1.347,1.86,8.9,1.64,7.91,88362.0,85324.0,-3502497.0,-14.91,-1151087.0,-4.9,-2351410.0,-10.01,-548427.0,-2.33,4050924.0,17.24,-1.0,1.355,1.356,195195000.0,264489225,264489225,2026-06-04,2026-06-04 16:11:48+08:00
159559,机器人ETF景顺,1.389,1.3906,0.12,0.008,0.58,981330.0,136921995.964,1.367,1.42,1.363,1.381,4.13,6.15,0.94,35.97,483126.0,498203.0,-5714762.0,-4.17,-2165810.0,-1.58,-3548952.0,-2.59,3228800.0,2.36,2485962.0,1.82,-8812.0,1.389,1.39,1596576624.0,2217644931,2217644931,2026-06-04,2026-06-04 15:34:00+08:00
159895,物联网ETF易方达,1.593,1.5932,0.01,0.009,0.57,16701.0,2654091.781,1.589,1.628,1.559,1.584,4.36,2.25,0.58,62.97,6544.0,10158.0,-783675.0,-29.53,0.0,0.0,-783675.0,-29.53,-324190.0,-12.21,1107865.0,41.74,-25.0,1.591,1.594,74241864.0,118267289,118267289,2026-06-04,2026-06-04 15:34:00+08:00
588370,科创50增强ETF南方,1.831,1.8361,0.28,0.01,0.55,27822.0,5093846.0,1.792,1.858,1.79,1.821,3.73,4.4,0.42,38.84,12526.0,15296.0,174524.0,3.43,0.0,0.0,174524.0,3.43,-65118.0,-1.28,-109407.0,-2.15,-26.0,1.83,1.833,63272000.0,115851032,115851032,2026-06-04,2026-06-04 16:11:49+08:00
589900,科创综指ETF博时,1.663,1.6689,0.35,0.009,0.54,110493.0,18372268.0,1.65,1.675,1.628,1.654,2.84,6.18,0.71,-45.36,51179.0,59314.0,239958.0,1.31,-1570976.0,-8.55,1810934.0,9.86,-138547.0,-0.75,-101411.0,-0.55,-100.0,1.663,1.667,178908200.0,297524337,297524337,2026-06-04,2026-06-04 16:12:00+08:00
589630,科创综指ETF国泰,1.674,1.6703,-0.22,0.009,0.54,127342.0,21242864.0,1.649,1.685,1.638,1.665,2.82,7.17,0.6,7.79,64195.0,63147.0,2000750.0,9.42,837000.0,3.94,1163750.0,5.48,-2185867.0,-10.29,185117.0,0.87,20.0,1.671,1.674,177629000.0,297350946,297350946,2026-06-04,2026-06-04 16:12:01+08:00
159019,石油ETF华宝,0.944,0.9404,-0.38,0.005,0.53,139578.0,13106858.227,0.937,0.947,0.934,0.939,1.38,21.7,0.94,85.44,78516.0,61062.0,161497.0,1.23,0.0,0.0,161497.0,1.23,-162707.0,-1.24,1209.0,0.01,10.0,0.942,0.945,64327711.0,60725359,60725359,2026-06-04,2026-06-04 15:34:51+08:00
588770,科创信息ETF摩根,1.935,1.9338,-0.06,0.01,0.52,164484.0,31860915.0,1.907,1.958,1.885,1.925,3.79,5.33,0.93,13.59,95798.0,68686.0,9523223.0,29.89,9743590.0,30.58,-220367.0,-0.69,-6677060.0,-20.96,-2846163.0,-8.93,11.0,1.933,1.936,308597104.0,597135396,597135396,2026-06-04,2026-06-04 16:11:34+08:00
588720,科创50ETF中银,1.754,1.7577,0.21,0.009,0.52,93382.0,16422272.0,1.714,1.775,1.714,1.745,3.5,9.86,1.13,22.02,54535.0,38847.0,557675.0,3.4,1315086.0,8.01,-757411.0,-4.61,-298551.0,-1.82,-259124.0,-1.58,-84.0,1.754,1.759,94741800.0,166177117,166177117,2026-06-04,2026-06-04 16:11:40+08:00
588090,科创50ETF华泰柏瑞,1.786,1.7879,0.11,0.009,0.51,1406651.0,251402694.0,1.751,1.81,1.745,1.777,3.66,7.26,0.78,35.31,883722.0,522929.0,20978301.0,8.34,32607606.0,12.97,-11629305.0,-4.63,-20066905.0,-7.98,-911396.0,-0.36,-87.0,1.785,1.786,1938072800.0,3461398021,3461398021,2026-06-04,2026-06-04 16:12:00+08:00
588080,科创50ETF易方达,1.776,1.7755,-0.03,0.009,0.51,7954358.0,1411683812.0,1.737,1.798,1.733,1.767,3.68,3.93,0.56,10.87,4445619.0,3508739.0,38838384.0,2.75,11403376.0,0.81,27435008.0,1.94,-29372130.0,-2.08,-9466275.0,-0.67,-333.0,1.776,1.777,20254628096.0,35972219498,35972219498,2026-06-04,2026-06-04 16:11:53+08:00
588040,科创50ETF鹏华,1.774,1.7738,-0.01,0.009,0.51,51430.0,9122803.0,1.768,1.794,1.732,1.765,3.51,8.59,0.61,-38.6,19653.0,31777.0,-1184468.0,-12.98,0.0,0.0,-1184468.0,-12.98,890135.0,9.76,294333.0,3.23,100.0,1.77,1.774,59889000.0,106243086,106243086,2026-06-04,2026-06-04 16:11:43+08:00
159293,创业板综增强ETF建信,1.181,1.1806,-0.03,0.006,0.51,103023.0,12144199.36,1.172,1.185,1.172,1.175,1.11,35.33,1.21,10.72,41357.0,61666.0,610041.0,5.02,0.0,0.0,610041.0,5.02,-678485.0,-5.59,68445.0,0.56,1.0,1.178,1.181,29159397.0,34437248,34437248,2026-06-04,2026-06-04 15:34:03+08:00
588950,科创50ETF景顺,1.808,1.8076,-0.02,0.009,0.5,182437.0,32915214.0,1.762,1.829,1.755,1.799,4.11,8.34,0.61,-1.42,103108.0,79329.0,6107423.0,18.56,4709036.0,14.31,1398387.0,4.25,-3392792.0,-10.31,-2714631.0,-8.25,-700.0,1.808,1.81,218729700.0,395463298,395463298,2026-06-04,2026-06-04 16:11:36+08:00
588940,科创50ETF富国,1.796,1.7958,-0.01,0.009,0.5,340333.0,61066297.0,1.755,1.817,1.748,1.787,3.86,8.69,0.61,-48.7,152496.0,187837.0,2964194.0,4.85,8023178.0,13.14,-5058984.0,-8.28,-2521031.0,-4.13,-443162.0,-0.73,36.0,1.795,1.797,391420000.0,702990320,702990320,2026-06-04,2026-06-04 16:11:49+08:00
589580,科创综指ETF兴银,1.647,1.6526,0.34,0.008,0.49,5851.0,965701.0,1.615,1.728,1.615,1.639,6.89,5.65,0.88,-79.86,1986.0,3865.0,359569.0,37.23,0.0,0.0,359569.0,37.23,-169596.0,-17.56,-189972.0,-19.67,50.0,1.648,1.651,10354800.0,17054356,17054356,2026-06-04,2026-06-04 16:11:51+08:00
588000,科创50ETF华夏,1.832,1.8332,0.07,0.009,0.49,22853730.0,4188280582.0,1.794,1.856,1.789,1.823,3.68,6.62,0.56,4.75,11263680.0,11590051.0,249084208.0,5.95,341989152.0,8.17,-92904944.0,-2.22,-180827552.0,-4.32,-68256672.0,-1.63,-2177.0,1.832,1.833,34526668288.0,63252856304,63252856304,2026-06-04,2026-06-04 16:11:41+08:00
589150,科创50ETF平安,1.26,1.2622,0.17,0.006,0.48,58177.0,7317056.0,1.233,1.277,1.229,1.254,3.83,8.63,0.57,-34.42,32391.0,25786.0,297704.0,4.07,-43730.0,-0.6,341434.0,4.67,-416200.0,-5.69,118496.0,1.62,50.0,1.259,1.26,67437200.0,84970872,84970872,2026-06-04,2026-06-04 16:11:45+08:00
159965,央视50ETF国联,1.698,1.7001,0.12,0.008,0.47,1919.0,326412.1,1.697,1.705,1.693,1.69,0.71,0.75,1.43,10.71,1304.0,615.0,98657.0,30.22,0.0,0.0,98657.0,30.22,-42550.0,-13.04,-56107.0,-17.19,29.0,1.691,1.704,25426953.0,43174966,43174966,2026-06-04,2026-06-04 15:34:21+08:00
512670,国防ETF鹏华,0.856,0.8563,0.04,0.004,0.47,839235.0,71511727.0,0.844,0.858,0.844,0.852,1.64,3.72,0.46,5.9,412511.0,426724.0,6796333.0,9.5,16229888.0,22.7,-9433555.0,-13.19,-5824915.0,-8.15,-971417.0,-1.36,2611.0,0.855,0.856,2253652608.0,1929126632,1929126632,2026-06-04,2026-06-04 16:11:48+08:00
512870,杭州湾区ETF南华,1.498,1.5138,1.04,0.007,0.47,1446.0,219681.0,1.506,1.52,1.498,1.491,1.48,0.62,2.77,61.66,532.0,914.0,26016.0,11.84,0.0,0.0,26016.0,11.84,-73656.0,-33.53,47640.0,21.69,-5.0,1.504,1.517,23410600.0,35069079,35069079,2026-06-04,2026-06-04 16:11:43+08:00
159311,数字经济ETF易方达,1.574,1.5737,-0.02,0.007,0.45,12409.0,1953829.2,1.567,1.586,1.543,1.567,2.74,3.15,0.82,-32.57,5221.0,7188.0,-102144.0,-5.23,98695.0,5.05,-200839.0,-10.28,60288.0,3.09,41857.0,2.14,29.0,1.572,1.574,39383993.0,61990405,61990405,2026-06-04,2026-06-04 15:34:48+08:00
563300,中证2000ETF华泰柏瑞,1.56,1.5603,0.02,0.007,0.45,3880283.0,602754176.0,1.543,1.565,1.538,1.553,1.74,15.14,1.04,-59.25,1692624.0,2187659.0,88102535.0,14.62,181874995.0,30.17,-93772460.0,-15.56,-81883317.0,-13.58,-6219214.0,-1.03,335.0,1.559,1.56,2563674000.0,3999331440,3999331440,2026-06-04,2026-06-04 16:11:46+08:00
159320,电网设备ETF广发,2.294,2.2913,-0.12,0.01,0.44,351467.0,80629173.9,2.283,2.309,2.259,2.284,2.19,6.89,0.74,80.91,191571.0,159896.0,-394352.0,-0.49,-368180.0,-0.46,-26172.0,-0.03,-2087144.0,-2.59,2481495.0,3.08,2743.0,2.293,2.294,509745168.0,1169355415,1169355415,2026-06-04,2026-06-04 15:34:00+08:00
159272,机器人ETF富国,0.929,0.9293,0.03,0.004,0.43,1338775.0,125096760.519,0.919,0.95,0.911,0.925,4.22,6.29,0.81,43.88,644959.0,693816.0,-10863773.0,-8.68,-2475620.0,-1.98,-8388153.0,-6.71,6137127.0,4.91,4726645.0,3.78,-5829.0,0.929,0.93,2129164688.0,1977993995,1977993995,2026-06-04,2026-06-04 15:34:39+08:00
159970,深100ETF工银,1.172,1.172,0.0,0.005,0.43,8727.0,1024029.8,1.165,1.18,1.165,1.167,1.29,10.07,1.56,71.68,6892.0,1835.0,66588.0,6.5,0.0,0.0,66588.0,6.5,-549.0,-0.05,-66038.0,-6.45,30.0,1.167,1.177,8668704.0,10159721,10159721,2026-06-04,2026-06-04 15:34:21+08:00
588260,科创信息ETF华安,2.656,2.6625,0.24,0.011,0.42,18070.0,4815169.0,2.625,2.689,2.589,2.645,3.78,3.63,0.73,35.07,7166.0,10904.0,1892264.0,39.3,644427.0,13.38,1247837.0,25.91,-1616089.0,-33.56,-276176.0,-5.74,-322.0,2.656,2.663,49746000.0,132125376,132125376,2026-06-04,2026-06-04 16:11:50+08:00
560230,光伏ETF富国,0.966,0.9643,-0.18,0.004,0.42,59977.0,5759746.0,0.962,0.969,0.948,0.962,2.18,8.34,0.43,15.84,37738.0,22239.0,140574.0,2.44,-84773.0,-1.47,225347.0,3.91,-103997.0,-1.81,-36577.0,-0.64,2000.0,0.963,0.965,71889000.0,69444774,69444774,2026-06-04,2026-06-04 16:12:00+08:00
512810,军工ETF华宝,0.743,0.7426,-0.05,0.003,0.41,425466.0,31538080.0,0.734,0.746,0.733,0.74,1.76,4.74,0.65,-24.66,195743.0,229723.0,1447425.0,4.59,2125348.0,6.74,-677923.0,-2.15,-1695578.0,-5.38,248154.0,0.79,10.0,0.742,0.743,897583504.0,666904543,666904543,2026-06-04,2026-06-04 16:12:00+08:00
159680,中证1000增强ETF招商,1.766,1.7696,0.2,0.007,0.4,352498.0,62106048.615,1.74,1.772,1.74,1.759,1.82,4.72,0.74,-0.33,176120.0,176378.0,6338476.0,10.21,7073740.0,11.39,-735264.0,-1.18,-2586170.0,-4.16,-3752305.0,-6.04,-234.0,1.766,1.767,747438080.0,1319975649,1319975649,2026-06-04,2026-06-04 15:34:24+08:00
159588,石油ETF景顺,1.267,1.2631,-0.31,0.005,0.4,337931.0,42792438.5,1.256,1.273,1.251,1.262,1.74,5.69,1.31,-19.72,206702.0,131229.0,3187084.0,7.45,-176912.0,-0.41,3363996.0,7.86,-1391556.0,-3.25,-1795529.0,-4.2,-3.0,1.267,1.268,594284864.0,752958923,752958923,2026-06-04,2026-06-04 15:34:42+08:00
560590,中证1000增强ETF鹏华,1.561,1.5615,0.03,0.006,0.39,9221.0,1436150.0,1.555,1.567,1.554,1.555,0.84,4.68,0.27,-51.88,3411.0,5810.0,-325393.0,-22.66,-144211.0,-10.04,-181182.0,-12.62,263815.0,18.37,61578.0,4.29,33.0,1.561,1.569,19710000.0,30767310,30767310,2026-06-04,2026-06-04 16:11:34+08:00
512660,军工ETF国泰,1.278,1.2779,-0.01,0.005,0.39,1793190.0,228845968.0,1.263,1.285,1.261,1.273,1.89,3.16,0.5,9.38,873747.0,919443.0,21664870.0,9.47,42898985.0,18.75,-21234115.0,-9.28,-16912449.0,-7.39,-4752421.0,-2.08,106.0,1.277,1.278,5682080000.0,7261698240,7261698240,2026-06-04,2026-06-04 16:11:55+08:00
560170,央企科技ETF南方,1.317,1.3144,-0.2,0.005,0.38,396212.0,51930758.0,1.289,1.324,1.289,1.312,2.67,14.1,0.92,-0.29,181621.0,214591.0,1124408.0,2.17,2287643.0,4.41,-1163235.0,-2.24,632827.0,1.22,-1757237.0,-3.38,10.0,1.315,1.319,280995504.0,370071079,370071079,2026-06-04,2026-06-04 16:11:45+08:00
512680,军工ETF广发,1.306,1.3053,-0.05,0.005,0.38,295599.0,38556993.0,1.29,1.312,1.289,1.301,1.77,0.88,0.5,5.43,151066.0,144533.0,-73969.0,-0.19,-348284.0,-0.9,274315.0,0.71,-246325.0,-0.64,320294.0,0.83,200.0,1.305,1.306,3371330096.0,4402957105,4402957105,2026-06-04,2026-06-04 16:11:59+08:00
159278,机器人ETF鹏华,1.095,1.0942,-0.07,0.004,0.37,1382244.0,151921815.9,1.08,1.118,1.073,1.091,4.12,10.82,0.94,57.34,662838.0,719406.0,-22143539.0,-14.58,-10758748.0,-7.08,-11384791.0,-7.49,14244858.0,9.38,7898681.0,5.2,-2240.0,1.095,1.096,1277545856.0,1398912712,1398912712,2026-06-04,2026-06-04 15:34:18+08:00
159678,500增强ETF博时,1.609,1.6108,0.11,0.006,0.37,34217.0,5486238.1,1.585,1.613,1.585,1.603,1.75,4.44,0.77,35.38,16061.0,18156.0,75948.0,1.38,966000.0,17.61,-890052.0,-16.22,-251719.0,-4.59,175772.0,3.2,-2.0,1.609,1.615,77143694.0,124124204,124124204,2026-06-04,2026-06-04 15:34:48+08:00
159213,机器人ETF汇添富,1.357,1.3578,0.06,0.005,0.37,303635.0,41262899.8,1.338,1.378,1.332,1.352,3.4,7.18,0.81,-10.73,183080.0,120555.0,3303399.0,8.01,1984184.0,4.81,1319215.0,3.2,-4257032.0,-10.32,953634.0,2.31,-220.0,1.357,1.358,422737568.0,573654880,573654880,2026-06-04,2026-06-04 15:34:54+08:00
562380,央企科技ETF银华,1.35,1.3459,-0.3,0.005,0.37,28911.0,3888826.0,1.325,1.355,1.321,1.345,2.53,4.01,1.14,-3.51,19870.0,9041.0,-31346.0,-0.81,52300.0,1.34,-83646.0,-2.15,94209.0,2.42,-62863.0,-1.62,2.0,1.349,1.351,72128900.0,97374015,97374015,2026-06-04,2026-06-04 16:11:39+08:00
560770,机器人ETF招商,1.115,1.1153,0.03,0.004,0.36,155998.0,17437000.0,1.103,1.131,1.096,1.111,3.15,1.03,0.4,15.93,76374.0,79624.0,930973.0,5.34,-224588.0,-1.29,1155561.0,6.63,-1524370.0,-8.74,593397.0,3.4,387.0,1.114,1.115,1512133008.0,1686028304,1686028304,2026-06-04,2026-06-04 16:11:52+08:00
589860,科创综指ETF天弘,1.65,1.6537,0.22,0.006,0.36,148344.0,24508551.0,1.645,1.665,1.609,1.644,3.41,8.71,0.85,-8.57,69240.0,79104.0,111661.0,0.46,-1146230.0,-4.68,1257891.0,5.13,-672.0,0.0,-110989.0,-0.45,-33.0,1.65,1.653,170224000.0,280869600,280869600,2026-06-04,2026-06-04 16:11:46+08:00
159309,油气ETF汇添富,1.399,1.3947,-0.31,0.005,0.36,842097.0,117675588.5,1.379,1.409,1.371,1.394,2.73,13.57,2.22,-13.42,315202.0,526895.0,-38502918.0,-32.72,-40141432.0,-34.11,1638514.0,1.39,28263678.0,24.02,10239239.0,8.7,433.0,1.398,1.399,620371744.0,867900070,867900070,2026-06-04,2026-06-04 15:34:39+08:00
516890,新材料ETF平安,0.844,0.8438,-0.02,0.003,0.36,4724.0,397860.0,0.833,0.848,0.83,0.841,2.14,1.38,0.37,-34.33,475.0,4249.0,19951.0,5.01,0.0,0.0,19951.0,5.01,-24917.0,-6.26,4966.0,1.25,-26.0,0.844,0.846,34311400.0,28958822,28958822,2026-06-04,2026-06-04 16:11:36+08:00
515580,科技100ETF华泰柏瑞,1.425,1.4247,-0.02,0.005,0.35,76127.0,10802212.0,1.407,1.434,1.407,1.42,1.9,2.29,0.56,-18.88,44788.0,31339.0,-222585.0,-2.06,-1739473.0,-16.1,1516888.0,14.04,980793.0,9.08,-758207.0,-7.02,-383.0,1.426,1.427,332031408.0,473144756,473144756,2026-06-04,2026-06-04 16:11:44+08:00
516180,光伏ETF平安,0.876,0.8759,-0.01,0.003,0.34,106105.0,9239098.0,0.866,0.881,0.858,0.873,2.63,5.23,0.71,-36.19,52013.0,54092.0,1633693.0,17.68,905492.0,9.8,728201.0,7.88,-529780.0,-5.73,-1103914.0,-11.95,-1.0,0.875,0.877,202987000.0,177816612,177816612,2026-06-04,2026-06-04 16:11:44+08:00
562970,光伏ETF易方达,1.234,1.2326,-0.11,0.004,0.33,206005.0,25224335.0,1.23,1.239,1.2,1.23,3.17,4.79,0.86,-2.74,112717.0,93288.0,-337073.0,-1.34,-1263780.0,-5.01,926707.0,3.67,223996.0,0.89,113076.0,0.45,40.0,1.232,1.234,430448000.0,531172832,531172832,2026-06-04,2026-06-04 16:11:55+08:00
515530,中证500ETF泰康,4.572,4.5601,-0.26,0.015,0.33,6999.0,3186710.0,4.603,4.603,4.539,4.557,1.4,5.72,0.41,94.12,4060.0,2939.0,-228631.0,-7.17,0.0,0.0,-228631.0,-7.17,192997.0,6.06,35635.0,1.12,-300.0,4.552,4.603,12242700.0,55973624,55973624,2026-06-04,2026-06-04 16:12:00+08:00
516880,光伏ETF银华,0.9,0.9001,0.01,0.003,0.33,329894.0,29504403.0,0.895,0.906,0.882,0.897,2.68,3.0,0.81,22.16,132648.0,197246.0,3628722.0,12.3,4787818.0,16.23,-1159096.0,-3.93,-958568.0,-3.25,-2670154.0,-9.05,-10.0,0.9,0.901,1097944096.0,988149686,988149686,2026-06-04,2026-06-04 16:11:35+08:00
159918,中创400ETF嘉实,2.761,2.7602,-0.03,0.009,0.33,1630.0,449230.0,2.724,2.769,2.724,2.752,1.64,0.53,0.28,13.07,546.0,1084.0,-4280.0,-0.95,0.0,0.0,-4280.0,-0.95,64486.0,14.35,-60207.0,-13.4,1.0,2.761,2.769,30561264.0,84379650,84379650,2026-06-04,2026-06-04 15:34:33+08:00
159609,光伏ETF浦银,0.62,0.6203,0.05,0.002,0.32,180734.0,11171254.3,0.614,0.624,0.608,0.618,2.59,5.74,0.69,-35.23,106176.0,74558.0,802450.0,7.18,33639.0,0.3,768811.0,6.88,-1539979.0,-13.79,737531.0,6.6,35.0,0.619,0.62,314903408.0,195240113,195240113,2026-06-04,2026-06-04 15:34:54+08:00
159528,国企改革ETF富国,1.259,1.2599,0.07,0.004,0.32,938.0,117964.8,1.248,1.262,1.248,1.255,1.12,1.01,0.1,-1.02,83.0,855.0,5012.0,4.25,0.0,0.0,5012.0,4.25,49714.0,42.14,-54725.0,-46.39,-350.0,1.256,1.259,9320773.0,11734853,11734853,2026-06-04,2026-06-04 15:34:12+08:00
159658,数字经济ETF华安,1.883,1.8839,0.05,0.006,0.32,54045.0,10198005.3,1.859,1.902,1.847,1.877,2.93,11.78,0.89,11.94,28458.0,25587.0,499078.0,4.89,784059.0,7.69,-284981.0,-2.79,-433062.0,-4.25,-66017.0,-0.65,7.0,1.882,1.883,45894877.0,86420053,86420053,2026-06-04,2026-06-04 15:34:12+08:00
512390,中国低波ETF平安,1.268,1.2691,0.09,0.004,0.32,620.0,78596.0,1.264,1.274,1.264,1.264,0.79,0.33,1.96,-12.13,509.0,111.0,27527.0,35.02,0.0,0.0,27527.0,35.02,-38010.0,-48.36,10483.0,13.34,-1.0,1.269,1.27,18682000.0,23688776,23688776,2026-06-04,2026-06-04 16:11:33+08:00
560800,数字经济ETF鹏扬,1.24,1.2397,-0.02,0.004,0.32,64729.0,8027542.0,1.216,1.251,1.216,1.236,2.83,2.13,0.44,11.43,21269.0,43460.0,-182104.0,-2.27,1245733.0,15.52,-1427837.0,-17.79,24998.0,0.31,157107.0,1.96,7.0,1.239,1.241,303951104.0,376899369,376899369,2026-06-04,2026-06-04 16:11:56+08:00
561380,电网设备ETF国泰,2.276,2.2747,-0.06,0.007,0.31,1354341.0,308434214.0,2.249,2.294,2.228,2.269,2.91,4.14,1.29,18.45,841091.0,513250.0,-3007023.0,-0.97,-10830128.0,-3.51,7823105.0,2.54,-1295676.0,-0.42,4302698.0,1.4,11.0,2.274,2.275,3274413600.0,7452565354,7452565354,2026-06-04,2026-06-04 16:11:34+08:00
159529,标普消费ETF景顺,1.298,1.2765,-1.68,0.004,0.31,5995936.0,787828528.567,1.289,1.332,1.287,1.294,3.48,73.88,0.96,29.88,2965664.0,3030272.0,2308309.0,0.29,-6501115.0,-0.83,8809424.0,1.12,-5692736.0,-0.72,3384444.0,0.43,34555.0,1.297,1.298,811536784.0,1053374746,1053374746,2026-06-04,2026-06-04 15:34:15+08:00
588840,科创50ETF万家,1.609,1.6107,0.11,0.005,0.31,18859.0,3034170.0,1.596,1.632,1.568,1.604,3.99,6.04,0.55,-8.58,8782.0,10077.0,-387761.0,-12.78,-115339.0,-3.8,-272422.0,-8.98,311315.0,10.26,76447.0,2.52,-178.0,1.609,1.61,31236000.0,50258724,50258724,2026-06-04,2026-06-04 16:11:52+08:00
510570,中证500ETF兴业,1.311,1.3134,0.18,0.004,0.31,13263.0,1740338.0,1.308,1.316,1.307,1.307,0.69,2.91,0.87,-15.31,6546.0,6717.0,118497.0,6.81,0.0,0.0,118497.0,6.81,-107961.0,-6.2,-10536.0,-0.61,10.0,1.314,1.316,45560600.0,59729947,59729947,2026-06-04,2026-06-04 16:11:51+08:00
516150,稀土ETF嘉实,1.969,1.9635,-0.28,0.006,0.31,1273442.0,247050220.0,1.944,1.97,1.914,1.963,2.85,3.04,0.95,-68.8,488023.0,785419.0,38010901.0,15.39,28015501.0,11.34,9995400.0,4.05,6221393.0,2.52,-44232294.0,-17.9,-55.0,1.968,1.97,4186577008.0,8243370129,8243370129,2026-06-04,2026-06-04 16:11:48+08:00
563150,油气ETF银华,1.337,1.3324,-0.35,0.004,0.3,78067.0,10425168.0,1.321,1.344,1.321,1.333,1.73,15.8,1.62,-50.87,32042.0,46025.0,-1207138.0,-11.58,-637146.0,-6.11,-569992.0,-5.47,-732968.0,-7.03,1940107.0,18.61,195.0,1.332,1.333,49399000.0,66046463,66046463,2026-06-04,2026-06-04 16:11:46+08:00
159864,光伏ETF国泰,0.699,0.6989,-0.01,0.002,0.29,275696.0,19115494.8,0.692,0.703,0.685,0.697,2.58,3.89,0.6,-12.53,115783.0,159913.0,-180219.0,-0.94,-3005993.0,-15.73,2825774.0,14.78,177675.0,0.93,2543.0,0.01,185.0,0.698,0.699,709526832.0,495959256,495959256,2026-06-04,2026-06-04 15:34:21+08:00
159863,光伏ETF鹏华,0.71,0.71,0.0,0.002,0.28,55118.0,3893299.498,0.701,0.714,0.695,0.708,2.68,1.81,0.52,-29.25,26576.0,28542.0,-110760.0,-2.84,-72995.0,-1.87,-37765.0,-0.97,86174.0,2.21,24586.0,0.63,125.0,0.709,0.71,304729360.0,216357846,216357846,2026-06-04,2026-06-04 15:34:18+08:00
588680,科创100增强ETF广发,2.547,2.5522,0.2,0.007,0.28,22719.0,5791745.0,2.515,2.565,2.5,2.54,2.56,6.42,0.96,-31.94,10495.0,12224.0,777324.0,13.42,0.0,0.0,777324.0,13.42,-129633.0,-2.24,-647692.0,-11.18,800.0,2.547,2.55,35361000.0,90064467,90064467,2026-06-04,2026-06-04 16:12:01+08:00
560390,电网设备ETF易方达,1.073,1.0716,-0.13,0.003,0.28,1393849.0,149625046.0,1.062,1.081,1.058,1.07,2.15,9.77,0.79,-15.99,637646.0,756203.0,10027702.0,6.7,14121066.0,9.44,-4093364.0,-2.74,-9399603.0,-6.28,-628098.0,-0.42,-101.0,1.072,1.074,1427258000.0,1531447834,1531447834,2026-06-04,2026-06-04 16:11:44+08:00
588670,科创综指增强ETF嘉实,1.826,1.8303,0.23,0.005,0.27,13260.0,2411864.0,1.803,1.845,1.792,1.821,2.91,3.17,0.66,-42.49,8352.0,4908.0,-642957.0,-26.66,0.0,0.0,-642957.0,-26.66,315919.0,13.1,327038.0,13.56,-80.0,1.824,1.83,41792000.0,76312192,76312192,2026-06-04,2026-06-04 16:12:01+08:00
159695,通信ETF嘉实,3.485,3.4802,-0.14,0.009,0.26,214527.0,74435876.8,3.4,3.498,3.386,3.476,3.22,10.13,1.11,-15.76,90867.0,123660.0,-14618620.0,-19.64,-19206336.0,-25.8,4587716.0,6.16,7324607.0,9.84,7294015.0,9.8,1312.0,3.484,3.485,211812086.0,738165120,738165120,2026-06-04,2026-06-04 15:34:00+08:00
159618,光伏ETF华安,0.843,0.8429,-0.01,0.002,0.24,31323.0,2630066.3,0.833,0.848,0.829,0.841,2.26,4.6,0.8,-5.59,14890.0,16433.0,349526.0,13.29,99303.0,3.78,250223.0,9.51,-434405.0,-16.52,84878.0,3.23,219.0,0.842,0.843,68131407.0,57434776,57434776,2026-06-04,2026-06-04 15:34:00+08:00
159620,中证500成长ETF华夏,1.272,1.2742,0.17,0.003,0.24,13139.0,1667331.2,1.269,1.276,1.264,1.269,0.95,5.23,0.44,-69.96,4730.0,8409.0,-198175.0,-11.89,0.0,0.0,-198175.0,-11.89,178905.0,10.73,19270.0,1.16,-12.0,1.267,1.277,25140934.0,31979268,31979268,2026-06-04,2026-06-04 15:34:03+08:00
159831,金ETF嘉实,9.379,9.3799,0.01,0.022,0.24,38726.0,36340757.811,9.379,9.41,9.361,9.357,0.52,1.86,0.96,-6.02,17930.0,20796.0,5026676.0,13.83,0.0,0.0,5026676.0,13.83,-4229730.0,-11.64,-796946.0,-2.19,-320.0,9.383,9.385,208556243.0,1956049003,1956049003,2026-06-04,2026-06-04 15:34:30+08:00
515860,科技ETF嘉实,2.135,2.1352,0.01,0.005,0.23,29974.0,6367909.0,2.109,2.147,2.094,2.13,2.49,2.75,0.59,2.44,12010.0,17964.0,875198.0,13.74,0.0,0.0,875198.0,13.74,-810273.0,-12.72,-64925.0,-1.02,-2.0,2.135,2.136,108878900.0,232456452,232456452,2026-06-04,2026-06-04 16:11:53+08:00
159935,中证500ETF景顺,2.616,2.6182,0.08,0.006,0.23,8303.0,2173388.1,2.602,2.628,2.602,2.61,1.0,3.25,0.83,-0.79,4648.0,3655.0,428576.0,19.72,0.0,0.0,428576.0,19.72,-363011.0,-16.7,-65564.0,-3.02,50.0,2.606,2.626,25572956.0,66898853,66898853,2026-06-04,2026-06-04 15:34:00+08:00
159761,新材料ETF国泰,0.861,0.8611,0.01,0.002,0.23,184516.0,15876932.1,0.853,0.866,0.838,0.859,3.26,9.62,0.91,-1.07,81875.0,102641.0,458763.0,2.89,663791.0,4.18,-205028.0,-1.29,-595360.0,-3.75,136597.0,0.86,-22.0,0.861,0.862,191734117.0,165083075,165083075,2026-06-04,2026-06-04 15:34:39+08:00
159830,金ETF天弘,9.702,9.6966,-0.06,0.022,0.23,33679.0,32667949.6,9.698,9.73,9.676,9.68,0.56,0.87,0.73,2.91,16070.0,17609.0,1839935.0,5.63,0.0,0.0,1839935.0,5.63,-964578.0,-2.95,-875357.0,-2.68,-22.0,9.702,9.703,388114064.0,3765482649,3765482649,2026-06-04,2026-06-04 15:34:03+08:00
588870,科创50ETF汇添富,1.762,1.763,0.06,0.004,0.23,297138.0,52296122.0,1.727,1.785,1.716,1.758,3.92,10.9,0.53,-12.98,151003.0,146135.0,3079097.0,5.89,5771408.0,11.04,-2692311.0,-5.15,-3419827.0,-6.54,340730.0,0.65,254.0,1.762,1.763,272552000.0,480236624,480236624,2026-06-04,2026-06-04 16:11:58+08:00
159606,中证500成长ETF易方达,1.335,1.3337,-0.1,0.003,0.23,86852.0,11566224.6,1.332,1.338,1.323,1.332,1.13,2.92,0.84,-32.4,36435.0,50417.0,-1406824.0,-12.16,968062.0,8.37,-2374886.0,-20.53,556507.0,4.81,850317.0,7.35,39.0,1.334,1.335,297222832.0,396792481,396792481,2026-06-04,2026-06-04 15:34:00+08:00
561570,油气ETF华泰柏瑞,1.366,1.3621,-0.29,0.003,0.22,258948.0,35342141.0,1.353,1.371,1.352,1.363,1.39,30.06,1.61,-17.58,150648.0,108300.0,486955.0,1.38,3308101.0,9.36,-2821146.0,-7.98,-643171.0,-1.82,156217.0,0.44,1972.0,1.366,1.367,86147000.0,117676802,117676802,2026-06-04,2026-06-04 16:11:49+08:00
560500,500质量成长ETF鹏扬,1.373,1.3698,-0.23,0.003,0.22,6484.0,887880.0,1.356,1.376,1.35,1.37,1.9,0.21,0.48,-8.65,3859.0,2625.0,39337.0,4.43,0.0,0.0,39337.0,4.43,-15002.0,-1.69,-24335.0,-2.74,18.0,1.37,1.372,302339008.0,415111458,415111458,2026-06-04,2026-06-04 16:11:38+08:00
159857,光伏ETF天弘,0.907,0.9085,0.17,0.002,0.22,1120387.0,101179275.8,0.894,0.913,0.89,0.905,2.54,4.83,0.58,-34.87,609719.0,510668.0,2208593.0,2.18,1134483.0,1.12,1074110.0,1.06,-2425161.0,-2.4,216569.0,0.21,-1681.0,0.907,0.908,2320515728.0,2104707765,2104707765,2026-06-04,2026-06-04 15:34:39+08:00
516230,光伏ETF招商,0.975,0.9753,0.03,0.002,0.21,146792.0,14244169.0,0.964,0.98,0.957,0.973,2.36,1.87,1.55,-16.21,52004.0,94788.0,6143664.0,43.13,4702113.0,33.01,1441551.0,10.12,-79772.0,-0.56,-6063892.0,-42.57,30.0,0.973,0.977,784921008.0,765297983,765297983,2026-06-04,2026-06-04 16:11:42+08:00
159551,机器人ETF国泰,1.461,1.4616,0.04,0.003,0.21,179371.0,26252850.7,1.458,1.483,1.436,1.458,3.22,7.04,0.84,34.21,89383.0,89988.0,3392881.0,12.92,690262.0,2.63,2702619.0,10.29,-3755772.0,-14.31,362892.0,1.38,-820.0,1.461,1.462,254920923.0,372439469,372439469,2026-06-04,2026-06-04 15:34:15+08:00
512770,战略新兴ETF华夏,2.942,2.9334,-0.29,0.006,0.2,26100.0,7613884.0,2.91,2.951,2.849,2.936,3.47,2.62,0.72,45.95,16036.0,10064.0,-299413.0,-3.93,961497.0,12.63,-1260910.0,-16.56,91320.0,1.2,208093.0,2.73,-4.0,2.931,2.943,99767800.0,293516868,293516868,2026-06-04,2026-06-04 16:12:01+08:00
588830,科创新能源ETF鹏华,1.519,1.5173,-0.11,0.003,0.2,767285.0,116101845.0,1.501,1.534,1.486,1.516,3.17,12.18,1.0,24.3,478675.0,288610.0,1365197.0,1.18,-824781.0,-0.71,2189978.0,1.89,1090238.0,0.94,-2455435.0,-2.11,-714.0,1.518,1.521,629847904.0,956738966,956738966,2026-06-04,2026-06-04 16:11:38+08:00
159703,新材料ETF天弘,0.978,0.9784,0.04,0.002,0.2,47668.0,4619787.2,0.964,0.984,0.958,0.976,2.66,8.16,0.61,0.28,21236.0,26432.0,1011783.0,21.9,589282.0,12.76,422501.0,9.15,-886498.0,-19.19,-125285.0,-2.71,7.0,0.978,0.979,58381591.0,57097196,57097196,2026-06-04,2026-06-04 15:34:00+08:00
516300,中证1000ETF华泰柏瑞,3.491,3.4859,-0.15,0.007,0.2,12765.0,4450672.0,3.515,3.515,3.47,3.484,1.29,6.07,0.45,17.77,7886.0,4879.0,500715.0,11.25,0.0,0.0,500715.0,11.25,-277616.0,-6.24,-223098.0,-5.01,921.0,3.491,3.497,21012600.0,73354987,73354987,2026-06-04,2026-06-04 16:12:02+08:00
159889,智能汽车ETF国泰,1.031,1.0323,0.13,0.002,0.19,24561.0,2533309.9,1.021,1.036,1.018,1.029,1.75,7.58,0.7,3.06,9582.0,14979.0,-6190.0,-0.24,-353467.0,-13.95,347277.0,13.71,77652.0,3.07,-71462.0,-2.82,-13.0,1.031,1.035,32400796.0,33405221,33405221,2026-06-04,2026-06-04 15:34:54+08:00
159533,中证2000ETF博时,2.114,2.1182,0.2,0.004,0.19,4956.0,1042901.8,2.078,2.114,2.075,2.11,1.85,4.74,0.4,15.58,2037.0,2919.0,-87946.0,-8.43,0.0,0.0,-87946.0,-8.43,202368.0,19.4,-114422.0,-10.97,-100.0,2.115,2.12,10458785.0,22109871,22109871,2026-06-04,2026-06-04 15:34:00+08:00
159812,黄金ETF前海开源,9.252,9.2562,0.05,0.018,0.19,21937.0,20306222.5,9.253,9.283,9.237,9.234,0.5,1.19,0.78,-6.57,11156.0,10781.0,-685459.0,-3.38,0.0,0.0,-685459.0,-3.38,819740.0,4.04,-134281.0,-0.66,-78.0,9.252,9.256,185113149.0,1712666855,1712666855,2026-06-04,2026-06-04 15:34:39+08:00
589960,科创新能源ETF易方达,1.063,1.061,-0.19,0.002,0.19,429783.0,45428209.0,1.053,1.072,1.04,1.061,3.02,29.58,0.81,4.56,251574.0,178209.0,-1041130.0,-2.29,-1251624.0,-2.76,210494.0,0.46,990306.0,2.18,50823.0,0.11,100.0,1.062,1.063,145316000.0,154470908,154470908,2026-06-04,2026-06-04 16:11:44+08:00
159123,光伏ETF嘉实,1.129,1.1309,0.17,0.002,0.18,90973.0,10243375.672,1.128,1.136,1.108,1.127,2.48,2.09,0.85,29.92,39492.0,51481.0,-183079.0,-1.79,450336.0,4.4,-633415.0,-6.18,206490.0,2.02,-23411.0,-0.23,-50.0,1.129,1.132,436047024.0,492297090,492297090,2026-06-04,2026-06-04 15:34:18+08:00
563030,中证500增强ETF易方达,1.627,1.6253,-0.1,0.003,0.18,17504.0,2841006.0,1.608,1.63,1.604,1.624,1.6,1.72,1.22,-7.8,9394.0,8110.0,-269367.0,-9.48,0.0,0.0,-269367.0,-9.48,162575.0,5.72,106791.0,3.76,1.0,1.624,1.627,101669000.0,165415463,165415463,2026-06-04,2026-06-04 16:11:34+08:00
518680,金ETF富国,9.727,9.7179,-0.09,0.017,0.18,160925.0,156460577.0,9.735,9.759,9.701,9.71,0.6,1.99,0.84,-24.32,82877.0,78048.0,5565873.0,3.56,5716878.0,3.65,-151005.0,-0.1,-4580535.0,-2.93,-985338.0,-0.63,56.0,9.723,9.724,808069504.0,7860092065,7860092065,2026-06-04,2026-06-04 16:11:42+08:00
562500,机器人ETF华夏,1.129,1.1294,0.04,0.002,0.18,7126437.0,805664220.0,1.111,1.146,1.11,1.127,3.19,4.44,0.74,34.58,3551059.0,3575378.0,7250669.0,0.9,29995538.0,3.72,-22744869.0,-2.82,-17872179.0,-2.22,10621500.0,1.32,-1934.0,1.129,1.13,16060187392.0,18131951566,18131951566,2026-06-04,2026-06-04 16:12:01+08:00
159770,机器人ETF天弘,1.17,1.1684,-0.14,0.002,0.17,1711307.0,200464575.376,1.155,1.187,1.15,1.168,3.17,2.98,0.68,8.96,865519.0,845788.0,-5412401.0,-2.7,3390436.0,1.69,-8802837.0,-4.39,907832.0,0.45,4504570.0,2.25,-10919.0,1.17,1.171,5738587648.0,6714147548,6714147548,2026-06-04,2026-06-04 15:34:27+08:00
159150,深证50ETF易方达,1.807,1.7987,-0.46,0.003,0.17,69182.0,12438903.8,1.803,1.809,1.786,1.804,1.27,7.86,0.85,-14.58,34044.0,35138.0,403655.0,3.25,0.0,0.0,403655.0,3.25,-388936.0,-3.13,-14719.0,-0.12,1175.0,1.804,1.807,87997623.0,159011705,159011705,2026-06-04,2026-06-04 15:34:30+08:00
159709,物联网ETF工银,1.934,1.9341,0.01,0.003,0.16,1731.0,335823.9,1.965,1.966,1.909,1.931,2.95,0.77,0.35,70.33,1014.0,717.0,-45058.0,-13.42,8299.0,2.47,-53357.0,-15.89,-15674.0,-4.67,60732.0,18.08,-21.0,1.933,1.937,22484060.0,43484172,43484172,2026-06-04,2026-06-04 15:34:12+08:00
530100,上证580ETF易方达,1.235,1.2375,0.2,0.002,0.16,32661.0,4025332.0,1.223,1.24,1.223,1.233,1.38,2.32,0.89,-6.46,17504.0,15157.0,1476956.0,36.69,0.0,0.0,1476956.0,36.69,-1180141.0,-29.32,-296814.0,-7.37,-50.0,1.234,1.237,140696000.0,173759560,173759560,2026-06-04,2026-06-04 16:11:52+08:00
562360,机器人ETF银华,1.219,1.2195,0.04,0.002,0.16,154520.0,18818437.0,1.205,1.237,1.197,1.217,3.29,5.8,0.63,11.99,76077.0,78443.0,457291.0,2.43,-135514.0,-0.72,592805.0,3.15,-762152.0,-4.05,304862.0,1.62,4.0,1.218,1.219,266474000.0,324831806,324831806,2026-06-04,2026-06-04 16:11:56+08:00
518600,金ETF广发,9.684,9.6773,-0.07,0.015,0.16,163579.0,158459370.0,9.69,9.711,9.664,9.669,0.49,2.12,0.94,75.12,78638.0,84941.0,9267444.0,5.85,1278094.0,0.81,7989350.0,5.04,-5141563.0,-3.24,-4125880.0,-2.6,-30.0,9.685,9.687,770416304.0,7460711488,7460711488,2026-06-04,2026-06-04 16:11:37+08:00
518850,黄金ETF华夏,9.381,9.3727,-0.09,0.015,0.16,324913.0,304862074.0,9.379,9.43,9.358,9.366,0.77,1.81,0.75,-67.34,163982.0,160931.0,19784203.0,6.49,8122053.0,2.66,11662150.0,3.83,-12195040.0,-4.0,-7589162.0,-2.49,-504.0,9.383,9.385,1795278704.0,16841509522,16841509522,2026-06-04,2026-06-04 16:11:59+08:00
159934,黄金ETF易方达,9.707,9.7064,-0.01,0.015,0.15,645603.0,626876707.451,9.713,9.734,9.686,9.692,0.5,1.6,0.72,46.4,330804.0,314799.0,77754005.0,12.4,-671847.0,-0.11,78425852.0,12.51,-79439200.0,-12.67,1685205.0,0.27,-4331.0,9.707,9.708,4029608992.0,39115414485,39115414485,2026-06-04,2026-06-04 15:34:45+08:00
159715,稀土ETF易方达,1.31,1.309,-0.08,0.002,0.15,649923.0,84183044.6,1.301,1.314,1.276,1.308,2.91,10.07,0.84,15.56,303496.0,346427.0,-700375.0,-0.83,821243.0,0.98,-1521618.0,-1.81,1308.0,0.0,699067.0,0.83,1268.0,1.309,1.31,645530272.0,845644656,845644656,2026-06-04,2026-06-04 15:34:45+08:00
588350,科创创业50ETF鹏扬,2.051,2.0406,-0.51,0.003,0.15,48488.0,9896752.0,2.009,2.066,1.987,2.048,3.86,0.71,1.03,17.53,27822.0,20666.0,-2236048.0,-22.59,430010.0,4.34,-2666058.0,-26.94,1653582.0,16.71,582466.0,5.89,22.0,2.042,2.045,684546000.0,1404003846,1404003846,2026-06-04,2026-06-04 16:11:45+08:00
159937,黄金ETF博时,9.269,9.2699,0.01,0.013,0.14,633393.0,587262065.1,9.285,9.297,9.25,9.256,0.51,1.28,0.76,-58.34,333928.0,299465.0,61781391.0,10.52,5883821.0,1.0,55897570.0,9.52,-13307362.0,-2.27,-48474032.0,-8.25,381.0,9.268,9.269,4930021888.0,45696372880,45696372880,2026-06-04,2026-06-04 15:34:15+08:00
518800,黄金ETF国泰,9.741,9.7354,-0.06,0.014,0.14,504076.0,491179634.0,9.745,9.771,9.721,9.727,0.51,1.31,0.81,8.5,247460.0,256616.0,24028692.0,4.89,7936388.0,1.62,16092304.0,3.28,-13511797.0,-2.75,-10516902.0,-2.14,-19.0,9.742,9.743,3861779200.0,37617591187,37617591187,2026-06-04,2026-06-04 16:11:51+08:00
159834,金ETF南方,9.697,9.6975,0.01,0.014,0.14,82906.0,80462045.7,9.702,9.732,9.677,9.683,0.57,4.2,1.28,1.16,34499.0,48407.0,2420216.0,3.01,2382704.0,2.96,37512.0,0.05,-3084688.0,-3.83,664472.0,0.83,-3.0,9.697,9.701,197161376.0,1911873863,1911873863,2026-06-04,2026-06-04 15:34:51+08:00
512090,MSCIA股ETF易方达,2.08,2.07,-0.48,0.003,0.14,768378.0,159424467.0,2.066,2.082,2.063,2.077,0.91,25.14,1.01,1.14,375434.0,392944.0,-21345011.0,-13.39,-958070.0,-0.6,-20386941.0,-12.79,5282328.0,3.31,16062682.0,10.08,328.0,2.074,2.08,305592304.0,635631992,635631992,2026-06-04,2026-06-04 16:11:51+08:00
159677,中证1000增强ETF银华,1.563,1.5561,-0.44,0.002,0.13,92891.0,14463992.677,1.56,1.577,1.549,1.561,1.79,31.06,0.85,-23.25,44366.0,48525.0,-148259.0,-1.03,0.0,0.0,-148259.0,-1.03,139961.0,0.97,8297.0,0.06,1.0,1.553,1.563,29904091.0,46740094,46740094,2026-06-04,2026-06-04 15:34:51+08:00
512560,军工ETF易方达,0.795,0.796,0.13,0.001,0.13,568724.0,45228153.0,0.784,0.8,0.784,0.794,2.02,7.06,0.73,-21.55,290396.0,278328.0,311497.0,0.69,3572578.0,7.9,-3261081.0,-7.21,-732917.0,-1.62,421420.0,0.93,-2.0,0.795,0.796,806127008.0,640870971,640870971,2026-06-04,2026-06-04 16:12:01+08:00
159526,机器人ETF嘉实,1.657,1.6576,0.04,0.002,0.12,206542.0,34226693.1,1.65,1.682,1.631,1.655,3.08,3.45,0.64,35.58,102130.0,104412.0,281549.0,0.82,-3215726.0,-9.4,3497275.0,10.22,-979896.0,-2.86,698348.0,2.04,-175.0,1.657,1.658,597962960.0,990824625,990824625,2026-06-04,2026-06-04 15:34:45+08:00
518660,黄金ETF工银,9.311,9.3093,-0.02,0.011,0.12,143659.0,133859635.0,9.314,9.372,9.294,9.3,0.84,1.5,0.62,25.36,77358.0,66301.0,5047925.0,3.77,-5176038.0,-3.87,10223963.0,7.64,-4069938.0,-3.04,-977987.0,-0.73,-42.0,9.31,9.312,955652704.0,8898082327,8898082327,2026-06-04,2026-06-04 16:11:49+08:00
518890,上海金ETF中银,9.307,9.3023,-0.05,0.011,0.12,47989.0,44678611.0,9.375,9.379,9.29,9.296,0.96,1.15,0.88,-24.02,24853.0,23136.0,1137191.0,2.55,0.0,0.0,1137191.0,2.55,-1995325.0,-4.47,858134.0,1.92,-425.0,9.307,9.313,416354800.0,3875014124,3875014124,2026-06-04,2026-06-04 16:11:42+08:00
515730,家居家电ETF永赢,0.917,0.92,0.33,0.001,0.11,23769.0,2187904.0,0.921,0.924,0.917,0.916,0.76,5.96,1.23,-53.83,9546.0,14223.0,-2712.0,-0.12,0.0,0.0,-2712.0,-0.12,3676.0,0.17,-963.0,-0.04,2572.0,0.919,0.923,39892000.0,36580964,36580964,2026-06-04,2026-06-04 16:11:55+08:00
515550,中证500ETF国联,1.852,1.8473,-0.25,0.002,0.11,3493.0,646302.0,1.849,1.861,1.844,1.85,0.92,2.14,0.57,13.18,94.0,3399.0,611812.0,94.66,0.0,0.0,611812.0,94.66,-377819.0,-58.46,-233993.0,-36.2,5.0,1.848,1.855,16345700.0,30272236,30272236,2026-06-04,2026-06-04 16:11:38+08:00
159189,石油ETF华夏,0.893,0.8924,-0.07,0.001,0.11,158221.0,14088307.9,0.89,0.899,0.885,0.892,1.57,11.89,0.76,6.02,76574.0,81647.0,1316720.0,9.35,0.0,0.0,1316720.0,9.35,-1120033.0,-7.95,-196686.0,-1.4,1500.0,0.893,0.894,133083187.0,118843286,118843286,2026-06-04,2026-06-04 15:34:42+08:00
159845,中证1000ETF华夏,3.486,3.4839,-0.06,0.004,0.11,5898215.0,2053124416.025,3.441,3.497,3.441,3.482,1.61,34.61,0.8,-53.44,2272588.0,3625627.0,55024208.0,2.68,120480928.0,5.87,-65456720.0,-3.19,-39252575.0,-1.91,-15771631.0,-0.77,5810.0,3.485,3.486,1704425600.0,5941627642,5941627642,2026-06-04,2026-06-04 15:34:06+08:00
159026,石油ETF南方,0.935,0.9373,0.25,0.001,0.11,90703.0,8492549.57,0.932,0.943,0.931,0.934,1.28,15.24,1.24,-20.73,46430.0,44273.0,88345.0,1.04,-398043.0,-4.69,486388.0,5.73,-50146.0,-0.59,-38200.0,-0.45,-1500.0,0.933,0.938,59513446.0,55645072,55645072,2026-06-04,2026-06-04 15:34:54+08:00
518880,黄金ETF华安,9.29,9.2872,-0.03,0.009,0.1,2821727.0,2623259392.0,9.301,9.32,9.274,9.281,0.5,2.55,0.82,17.83,1576021.0,1245706.0,164107920.0,6.26,-107654624.0,-4.1,271762544.0,10.36,-121379952.0,-4.63,-42727964.0,-1.63,-19.0,9.291,9.292,11048240896.0,102638157924,102638157924,2026-06-04,2026-06-04 16:11:34+08:00
588510,科创创业人工智能ETF华夏,0.999,0.996,-0.3,0.001,0.1,148306.0,14781050.0,0.983,1.003,0.981,0.998,2.2,4.35,0.24,-9.99,77219.0,71087.0,-1746773.0,-11.82,-652995.0,-4.42,-1093778.0,-7.4,515001.0,3.48,1231773.0,8.33,144.0,0.998,0.999,341175008.0,340833833,340833833,2026-06-04,2026-06-04 16:11:39+08:00
510560,中证500ETF国寿,2.053,2.0578,0.23,0.002,0.1,6630.0,1360412.0,2.043,2.059,2.043,2.051,0.78,1.06,0.61,3.49,3497.0,3133.0,-15771.0,-1.16,0.0,0.0,-15771.0,-1.16,0.0,0.0,15771.0,1.16,62.0,2.045,2.053,62318700.0,127940291,127940291,2026-06-04,2026-06-04 16:11:42+08:00
159148,石油ETF富国,0.997,0.9963,-0.07,0.001,0.1,343883.0,34359510.5,0.996,1.005,0.987,0.996,1.81,14.18,1.64,-92.09,214925.0,128958.0,2003257.0,5.83,3197117.0,9.3,-1193860.0,-3.47,-1431890.0,-4.17,-571367.0,-1.66,-17.0,0.997,1.0,242466601.0,241739201,241739201,2026-06-04,2026-06-04 15:34:30+08:00
512430,家居家电ETF华泰柏瑞,0.975,0.9762,0.12,0.001,0.1,44008.0,4296637.0,0.973,0.979,0.973,0.974,0.62,12.68,2.03,-6.46,14431.0,29577.0,79767.0,1.86,-781000.0,-18.18,860767.0,20.03,-131690.0,-3.06,51923.0,1.21,-20.0,0.975,0.977,34720000.0,33852000,33852000,2026-06-04,2026-06-04 16:11:51+08:00
515370,光伏ETF华夏,1.012,1.0126,0.06,0.001,0.1,534941.0,53856383.0,1.0,1.018,0.992,1.011,2.57,4.86,1.25,-16.54,295588.0,239353.0,-149393.0,-0.28,156088.0,0.29,-305481.0,-0.57,-54240.0,-0.1,203632.0,0.38,-14.0,1.012,1.013,1101713008.0,1114933564,1114933564,2026-06-04,2026-06-04 16:12:00+08:00
159127,港股通红利ETF南方,0.959,0.9592,0.02,0.001,0.1,326876.0,31311728.912,0.964,0.964,0.954,0.958,1.04,16.65,1.99,13.96,205026.0,121850.0,-3792447.0,-12.11,-1409790.0,-4.5,-2382657.0,-7.61,3463711.0,11.06,328737.0,1.05,1.0,0.958,0.959,196344268.0,188294153,188294153,2026-06-04,2026-06-04 15:34:09+08:00
159192,家电ETF汇添富,1.007,1.0084,0.14,0.001,0.1,29208.0,2960401.76,1.013,1.02,1.005,1.006,1.49,9.43,0.7,-9.12,17154.0,12054.0,183912.0,6.21,0.0,0.0,183912.0,6.21,-134731.0,-4.55,-49180.0,-1.66,-10.0,1.007,1.011,30987065.0,31203974,31203974,2026-06-04,2026-06-04 15:34:45+08:00
563750,中证500ETF汇添富,1.157,1.1591,0.18,0.001,0.09,267309.0,30881204.0,1.145,1.162,1.145,1.156,1.47,7.64,1.31,-17.24,183146.0,84163.0,1404327.0,4.55,-9290055.0,-30.08,10694382.0,34.63,-1622215.0,-5.25,217889.0,0.71,-50.0,1.156,1.157,349737008.0,404645718,404645718,2026-06-04,2026-06-04 16:11:59+08:00
516360,新材料ETF华宝,1.115,1.1146,-0.04,0.001,0.09,24628.0,2731450.0,1.115,1.121,1.093,1.114,2.51,4.35,0.63,10.34,7998.0,16630.0,531061.0,19.44,-15329.0,-0.56,546390.0,20.0,-293617.0,-10.75,-237444.0,-8.69,-100.0,1.115,1.116,56551800.0,63055257,63055257,2026-06-04,2026-06-04 16:11:53+08:00
510880,红利ETF华泰柏瑞,3.327,3.3254,-0.05,0.003,0.09,1691105.0,562193731.0,3.318,3.354,3.292,3.324,1.87,2.81,0.65,-50.26,951146.0,739959.0,73728591.0,13.11,69543208.0,12.37,4185383.0,0.74,-18223567.0,-3.24,-55505024.0,-9.87,242.0,3.326,3.327,6027175680.0,20052413487,20052413487,2026-06-04,2026-06-04 16:11:44+08:00
515790,光伏ETF华泰柏瑞,1.066,1.0667,0.07,0.001,0.09,3612738.0,383774299.0,1.053,1.073,1.044,1.065,2.72,4.61,0.73,42.07,1312978.0,2299760.0,14397759.0,3.75,56369448.0,14.69,-41971689.0,-10.94,-6881279.0,-1.79,-7516481.0,-1.96,-1238.0,1.066,1.067,7833494016.0,8350504621,8350504621,2026-06-04,2026-06-04 16:12:02+08:00
515250,智能汽车ETF富国,1.085,1.0863,0.12,0.001,0.09,166775.0,18067178.0,1.077,1.092,1.07,1.084,2.03,3.59,0.54,-39.2,74900.0,91875.0,2438041.0,13.49,1120086.0,6.2,1317955.0,7.29,752951.0,4.17,-3190993.0,-17.66,77.0,1.085,1.086,463944496.0,503379778,503379778,2026-06-04,2026-06-04 16:11:34+08:00
518860,上海金ETF建信,9.307,9.3052,-0.02,0.008,0.09,35302.0,32881192.0,9.322,9.334,9.29,9.299,0.47,0.7,0.98,-25.11,17238.0,18064.0,-862262.0,-2.62,540908.0,1.65,-1403170.0,-4.27,258010.0,0.78,604252.0,1.84,79.0,9.304,9.309,503259808.0,4683839033,4683839033,2026-06-04,2026-06-04 16:11:59+08:00
159013,工业互联网ETF大成,1.116,1.1161,0.01,0.001,0.09,43310.0,4834282.092,1.104,1.123,1.104,1.115,1.7,6.32,0.63,-51.26,22944.0,20366.0,573963.0,11.87,2021192.0,41.81,-1447229.0,-29.94,-454813.0,-9.41,-119150.0,-2.46,1.0,1.113,1.116,68578881.0,76534031,76534031,2026-06-04,2026-06-04 15:34:54+08:00
510770,G60创新ETF申万菱信,1.066,1.067,0.09,0.001,0.09,22983.0,2440065.0,1.043,1.073,1.036,1.065,3.47,14.72,0.88,32.67,11774.0,11209.0,-210902.0,-8.64,0.0,0.0,-210902.0,-8.64,127528.0,5.23,83375.0,3.42,10.0,1.06,1.066,15610700.0,16641006,16641006,2026-06-04,2026-06-04 16:11:57+08:00
561770,A100ETF博时,1.328,1.3241,-0.29,0.001,0.08,5969.0,791094.0,1.325,1.328,1.323,1.327,0.38,1.59,0.75,-21.93,3506.0,2463.0,126801.0,16.03,0.0,0.0,126801.0,16.03,-124947.0,-15.79,-1854.0,-0.23,1.0,1.321,1.325,37550000.0,49866400,49866400,2026-06-04,2026-06-04 16:11:56+08:00
561350,中证500ETF国泰,1.318,1.3196,0.12,0.001,0.08,248451.0,32733021.0,1.305,1.324,1.305,1.317,1.44,36.7,1.05,9.65,139853.0,108598.0,1255610.0,3.84,-2401824.0,-7.34,3657434.0,11.17,-1280705.0,-3.91,25096.0,0.08,10.0,1.316,1.322,67700000.0,89228600,89228600,2026-06-04,2026-06-04 16:11:35+08:00
159258,机器人ETF南方,1.265,1.2678,0.22,0.001,0.08,210423.0,26700289.0,1.245,1.287,1.245,1.264,3.32,1.74,0.62,36.64,128856.0,81567.0,753835.0,2.82,-2591444.0,-9.71,3345279.0,12.53,-974507.0,-3.65,220673.0,0.83,-578.0,1.265,1.266,1211765664.0,1532883565,1532883565,2026-06-04,2026-06-04 15:34:27+08:00
560110,中证1000ETF汇添富,1.252,1.2512,-0.06,0.001,0.08,111198.0,13898060.0,1.244,1.256,1.241,1.251,1.2,7.18,0.53,14.66,31126.0,80072.0,-1255362.0,-9.03,-3519415.0,-25.32,2264053.0,16.29,954505.0,6.87,300857.0,2.16,752.0,1.25,1.252,154903500.0,193939182,193939182,2026-06-04,2026-06-04 16:11:48+08:00
159902,中小100ETF华夏,5.021,5.027,0.12,0.004,0.08,17476.0,8775935.4,5.014,5.055,4.961,5.017,1.87,2.32,0.56,28.45,9965.0,7511.0,1808130.0,20.6,1833648.0,20.89,-25518.0,-0.29,-1802059.0,-20.53,-6073.0,-0.07,-6.0,5.021,5.049,75460849.0,378888923,378888923,2026-06-04,2026-06-04 15:34:36+08:00
510290,上证380ETF南方,2.713,2.7062,-0.25,0.002,0.07,11549.0,3126932.0,2.71,2.738,2.701,2.711,1.36,2.05,1.57,-50.02,3209.0,8340.0,-174439.0,-5.58,0.0,0.0,-174439.0,-5.58,187256.0,5.99,-12817.0,-0.41,60.0,2.708,2.711,56448900.0,153145866,153145866,2026-06-04,2026-06-04 16:11:43+08:00
560100,中证500增强ETF南方,1.406,1.4072,0.09,0.001,0.07,90508.0,12720721.0,1.392,1.411,1.39,1.405,1.49,15.58,0.89,-41.76,45697.0,44811.0,-872462.0,-6.86,-502172.0,-3.95,-370290.0,-2.91,764869.0,6.01,107592.0,0.85,17.0,1.403,1.407,58080300.0,81660902,81660902,2026-06-04,2026-06-04 16:11:56+08:00
589990,科创综指ETF华泰柏瑞,1.711,1.7121,0.06,0.001,0.06,35216.0,5995863.0,1.704,1.726,1.67,1.71,3.27,3.32,0.53,-17.09,16532.0,18684.0,486375.0,8.11,0.0,0.0,486375.0,8.11,-352358.0,-5.88,-134017.0,-2.24,-10.0,1.713,1.714,106090000.0,181519990,181519990,2026-06-04,2026-06-04 16:11:49+08:00
159335,央企科创ETF融通,1.613,1.6086,-0.27,0.001,0.06,18766.0,3010649.3,1.597,1.627,1.522,1.612,6.51,3.2,0.53,-66.22,11167.0,7599.0,-37159.0,-1.23,0.0,0.0,-37159.0,-1.23,-295680.0,-9.82,332838.0,11.06,-2.0,1.613,1.617,58683689.0,94656790,94656790,2026-06-04,2026-06-04 15:34:51+08:00
159326,电网设备ETF华夏,2.093,2.0945,0.07,0.001,0.05,7465244.0,1564586299.561,2.077,2.111,2.072,2.092,1.86,5.26,1.05,7.47,2770782.0,4694462.0,42576416.0,2.72,1702784.0,0.11,40873632.0,2.61,-43452728.0,-2.78,876309.0,0.06,43626.0,2.092,2.093,14182265600.0,29683481901,29683481901,2026-06-04,2026-06-04 15:34:30+08:00
588320,双创50增强ETF广发,2.067,2.0705,0.17,0.001,0.05,59881.0,12327032.0,2.036,2.081,2.032,2.066,2.37,15.42,0.8,-9.08,30829.0,29052.0,144636.0,1.17,-29540.0,-0.24,174176.0,1.41,-738653.0,-5.99,594017.0,4.82,99.0,2.065,2.067,38824600.0,80250448,80250448,2026-06-04,2026-06-04 16:11:58+08:00
510550,中证500ETF方正富邦,2.135,2.1358,0.04,0.001,0.05,8293.0,1765736.0,2.113,2.155,2.112,2.134,2.01,3.49,1.0,-45.0,2601.0,5692.0,40.0,0.0,0.0,0.0,40.0,0.0,-129958.0,-7.36,129918.0,7.36,1.0,2.12,2.135,23743300.0,50691946,50691946,2026-06-04,2026-06-04 16:11:47+08:00
511830,货币ETF华泰柏瑞,100.004,,0.0,0.006,0.01,40.0,403616.0,100.004,100.005,100.004,99.998,0.0,1.26,2.23,54.74,4.0,36.0,373614.0,92.57,0.0,0.0,373614.0,92.57,-242109.0,-59.98,-131505.0,-32.58,-2.0,100.004,100.005,320200.0,32021281,32021281,2026-06-04,2026-06-04 16:11:47+08:00
511880,银华日利ETF,100.512,,-0.02,0.011,0.01,1109779.0,11153556744.0,100.498,100.514,100.496,100.501,0.02,13.02,0.71,3.11,606053.0,503726.0,61251008.0,0.55,174957056.0,1.57,-113706048.0,-1.02,-32390640.0,-0.29,-28860212.0,-0.26,-90.0,100.512,100.513,852190704.0,85655392040,85655392040,2026-06-04,2026-06-04 16:11:55+08:00
511920,货币ETF广发,100.008,,-0.01,0.006,0.01,11.0,109998.0,99.998,100.008,99.997,100.002,0.01,0.32,0.14,18.52,1.0,10.0,0.0,0.0,0.0,0.0,0.0,0.0,29999.0,27.27,-30000.0,-27.27,1.0,99.998,100.003,342700.0,34272742,34272742,2026-06-04,2026-06-04 16:11:49+08:00
562520,中证1000成长ETF华夏,1.454,1.4563,0.16,0.0,0.0,41266.0,5999319.0,1.45,1.461,1.442,1.454,1.31,18.29,0.56,0.07,13208.0,28058.0,442273.0,7.37,0.0,0.0,442273.0,7.37,-413616.0,-6.89,-28656.0,-0.48,-75.0,1.455,1.457,22568000.0,32813872,32813872,2026-06-04,2026-06-04 16:11:35+08:00
159291,创业板综增强ETF招商,1.333,1.332,-0.08,0.0,0.0,11635.0,1547094.3,1.325,1.335,1.323,1.333,0.9,5.42,0.6,79.41,6684.0,4951.0,79848.0,5.16,0.0,0.0,79848.0,5.16,-120319.0,-7.78,40470.0,2.62,30.0,1.33,1.338,21457388.0,28602698,28602698,2026-06-04,2026-06-04 15:34:45+08:00
511950,添利货币ETF广发,99.998,,0.0,-0.002,0.0,778.0,7779924.0,100.0,100.0,99.998,100.0,0.0,23.22,2.64,-27.27,342.0,436.0,-299999.0,-3.86,0.0,0.0,-299999.0,-3.86,469997.0,6.04,-169999.0,-2.19,-2.0,99.995,100.001,335000.0,33499330,33499330,2026-06-04,2026-06-04 16:11:46+08:00
511930,货币ETF国联,99.999,,0.0,-0.001,0.0,7.0,67299.0,99.999,100.002,99.997,100.0,0.01,0.31,0.47,22.31,4.0,2.0,0.0,0.0,0.0,0.0,0.0,0.0,10199.0,15.15,-10200.0,-15.16,1.0,99.997,100.0,217100.0,21709783,21709783,2026-06-04,2026-06-04 16:11:51+08:00
511960,货币ETF嘉实,100.002,,0.0,0.001,0.0,333.0,3331806.0,100.002,100.004,100.001,100.001,0.0,12.83,1.12,-51.71,122.0,211.0,91702.0,2.75,91702.0,2.75,0.0,0.0,-50001.0,-1.5,-41701.0,-1.25,-1.0,99.999,100.004,259700.0,25970519,25970519,2026-06-04,2026-06-04 16:11:41+08:00
511970,国寿货币ETF,99.999,,0.0,0.001,0.0,1.0,10500.0,99.999,99.999,99.999,99.998,0.0,0.02,0.01,36.95,,1.0,0.0,0.0,0.0,0.0,0.0,0.0,0.0,0.0,0.0,0.0,-1.0,99.999,100.003,430800.0,43079569,43079569,2026-06-04,2026-06-04 16:11:35+08:00
511980,货币ETF汇添富,100.046,,-0.05,-0.003,0.0,13.0,130361.0,100.046,100.049,100.046,100.049,0.0,0.54,0.68,-77.78,1.0,12.0,0.0,0.0,0.0,0.0,0.0,0.0,50023.0,38.37,-50023.0,-38.37,-3.0,99.9,100.055,240600.0,24071068,24071068,2026-06-04,2026-06-04 16:11:39+08:00
511990,华宝添益ETF,100.001,,0.0,0.001,0.0,655769.0,6557716021.0,99.998,100.003,99.998,100.0,0.01,8.67,0.66,-76.41,314752.0,341017.0,82871824.0,1.26,204641792.0,3.12,-121769968.0,-1.86,-66360396.0,-1.01,-16511410.0,-0.25,-249.0,100.001,100.002,756003008.0,75601056803,75601056803,2026-06-04,2026-06-04 16:11:33+08:00
511910,融通货币ETF,100.0,,0.0,-0.001,0.0,5.0,50300.0,100.0,100.0,99.995,100.001,0.01,0.52,0.24,0.0,0.0,5.0,0.0,0.0,0.0,0.0,0.0,0.0,50100.0,99.6,-50100.0,-99.6,-1.0,99.946,100.003,97600.0,9760000,9760000,2026-06-04,2026-06-04 16:11:57+08:00
513950,恒生红利ETF富国,1.346,1.3432,-0.21,0.0,0.0,242998.0,32659906.0,1.349,1.349,1.342,1.346,0.52,1.13,0.5,-22.03,100611.0,142387.0,-3161247.0,-9.68,-158299.0,-0.48,-3002948.0,-9.19,2497757.0,7.65,663491.0,2.03,980.0,1.345,1.346,2149619008.0,2893387185,2893387185,2026-06-04,2026-06-04 16:11:56+08:00
159005,快钱ETF汇添富,100.0,,0.0,0.001,0.0,585.0,5849975.2,100.0,100.0,99.999,99.999,0.0,5.25,0.53,-5.11,332.0,253.0,-449997.0,-7.69,1379988.0,23.59,-1829985.0,-31.28,429996.0,7.35,20000.0,0.34,6.0,99.999,100.0,1115061.0,111506100,111506100,2026-06-04,2026-06-04 15:34:45+08:00
159003,招商快线ETF,100.001,,0.0,0.0,0.0,1777.0,17771999.28,100.0,100.001,99.999,100.001,0.0,9.47,0.58,-43.26,1224.0,553.0,1220495.0,6.87,140505.0,0.79,1079990.0,6.08,-967997.0,-5.45,-252498.0,-1.42,70.0,100.0,100.001,1877233.0,187725177,187725177,2026-06-04,2026-06-04 15:34:45+08:00
159610,中证500增强ETF景顺,1.294,1.2896,-0.34,0.0,0.0,85726.0,11053913.718,1.287,1.295,1.286,1.294,0.7,6.23,0.75,46.14,42562.0,43164.0,768357.0,6.95,1286000.0,11.63,-517643.0,-4.68,-736951.0,-6.67,-31406.0,-0.28,100.0,1.291,1.294,137568207.0,178013260,178013260,2026-06-04,2026-06-04 15:34:27+08:00
511600,华安日日鑫ETF,99.998,,0.0,0.0,0.0,156.0,1560289.0,100.001,100.001,99.997,99.998,0.0,1.78,0.16,-98.45,115.0,41.0,-99797.0,-6.4,-409800.0,-26.26,310003.0,19.87,60195.0,3.86,39602.0,2.54,-12.0,97.984,99.998,876300.0,87628247,87628247,2026-06-04,2026-06-04 16:11:36+08:00
560310,光伏ETF博时,0.959,0.9586,-0.04,0.0,0.0,40489.0,3869427.0,0.965,0.965,0.947,0.959,1.88,2.15,1.12,7.65,31087.0,9402.0,79096.0,2.04,-349160.0,-9.02,428256.0,11.07,190474.0,4.92,-269571.0,-6.97,10.0,0.957,0.959,188122000.0,180408998,180408998,2026-06-04,2026-06-04 16:11:49+08:00
159913,深价值ETF交银,2.481,2.4691,-0.48,0.0,0.0,708.0,174468.9,2.465,2.481,2.457,2.481,0.97,0.31,0.95,1.54,370.0,338.0,81081.0,46.47,81081.0,46.47,0.0,0.0,-58529.0,-33.55,-22552.0,-12.93,1.0,2.457,2.481,22629693.0,56144268,56144268,2026-06-04,2026-06-04 15:34:06+08:00
563650,中证A500ETF兴业,1.367,1.367,0.0,0.0,0.0,94409.0,12904180.0,1.367,1.373,1.361,1.367,0.88,8.29,0.83,-35.64,45014.0,49395.0,-240488.0,-1.86,-45328.0,-0.35,-195160.0,-1.51,107545.0,0.83,132942.0,1.03,20.0,1.364,1.367,113909000.0,155713603,155713603,2026-06-04,2026-06-04 16:11:55+08:00
159500,中证500ETF富国,1.234,1.2384,0.36,0.0,0.0,71936.0,8857221.1,1.228,1.238,1.22,1.234,1.46,5.02,0.55,16.9,32197.0,39739.0,-162362.0,-1.83,710615.0,8.02,-872977.0,-9.86,397419.0,4.49,-235056.0,-2.65,-93.0,1.234,1.236,143338865.0,176880159,176880159,2026-06-04,2026-06-04 15:34:57+08:00
511690,交易货币ETF大成,100.001,,0.0,0.0,0.0,1448.0,14482936.0,100.0,100.002,100.0,100.001,0.0,1.97,0.83,-91.86,916.0,532.0,3552707.0,24.53,3352702.0,23.15,200005.0,1.38,-3149906.0,-21.75,-402801.0,-2.78,4.0,100.001,100.002,7341400.0,734147341,734147341,2026-06-04,2026-06-04 16:11:52+08:00
511800,易方达货币ETF,100.002,,0.0,0.0,0.0,326.0,3256486.0,99.998,100.003,99.998,100.002,0.01,1.95,0.57,90.14,137.0,189.0,-165086.0,-5.07,784395.0,24.09,-949481.0,-29.16,35090.0,1.08,129996.0,3.99,-1.0,100.001,100.003,1667500.0,166753335,166753335,2026-06-04,2026-06-04 16:11:34+08:00
511660,货币ETF建信,100.002,,0.0,0.003,0.0,44090.0,440905386.0,100.0,100.004,99.994,99.999,0.01,5.19,0.79,-13.79,21089.0,23001.0,4482191.0,1.02,12890752.0,2.92,-8408561.0,-1.91,-2891188.0,-0.66,-1591017.0,-0.36,-115.0,100.002,100.003,84957400.0,8495909915,8495909915,2026-06-04,2026-06-04 16:12:02+08:00
511650,货币ETF华夏,100.005,,-0.01,-0.002,0.0,597.0,5970566.0,100.004,100.007,100.004,100.007,0.0,5.47,1.06,-6.96,501.0,96.0,610332.0,10.22,800346.0,13.4,-190014.0,-3.18,-510130.0,-8.54,-100201.0,-1.68,-11.0,100.005,100.007,1091300.0,109135457,109135457,2026-06-04,2026-06-04 16:11:58+08:00
511620,货币ETF国泰,100.004,,0.0,0.003,0.0,2645.0,26447134.0,100.001,100.004,100.0,100.001,0.0,6.44,1.07,55.67,1749.0,896.0,2261238.0,8.55,4906123.0,18.55,-2644885.0,-10.0,-1691528.0,-6.4,-569710.0,-2.15,45.0,100.003,100.004,4103600.0,410376414,410376414,2026-06-04,2026-06-04 16:11:45+08:00
159820,中证500ETF天弘,1.432,1.4371,0.35,0.0,0.0,85273.0,12204026.9,1.429,1.437,1.424,1.432,0.91,0.65,0.76,89.7,38179.0,47094.0,-268312.0,-2.2,0.0,0.0,-268312.0,-2.2,235721.0,1.93,32591.0,0.27,1.0,1.431,1.432,1311408464.0,1877936920,1877936920,2026-06-04,2026-06-04 15:34:57+08:00
511770,金鹰增益货币ETF,100.001,,0.0,-0.001,0.0,20.0,200004.0,100.002,100.004,100.0,100.002,0.0,0.56,0.35,-62.18,2.0,18.0,50000.0,25.0,50000.0,25.0,0.0,0.0,10002.0,5.0,-60002.0,-30.0,-2.0,99.932,100.003,360000.0,36000360,36000360,2026-06-04,2026-06-04 16:11:38+08:00
511700,货币ETF平安,100.005,,-0.01,0.003,0.0,11053.0,110536827.0,100.003,100.005,99.999,100.002,0.01,7.55,1.81,54.16,6495.0,4558.0,-3038529.0,-2.75,-18958548.0,-17.15,15920019.0,14.4,3759750.0,3.4,-721220.0,-0.65,0.0,100.004,100.005,14641000.0,1464173205,1464173205,2026-06-04,2026-06-04 16:11:58+08:00
511670,华泰天天金ETF,100.0,,0.0,0.0,0.0,1.0,10000.0,100.0,100.0,100.0,100.0,0.0,0.07,0.01,-27.27,1.0,,0.0,0.0,0.0,0.0,0.0,0.0,0.0,0.0,0.0,0.0,1.0,99.998,100.003,151600.0,15160000,15160000,2026-06-04,2026-06-04 16:11:59+08:00
159199,石油ETF平安,0.906,0.9091,0.34,0.0,0.0,12189.0,1104498.12,0.908,0.911,0.899,0.906,1.32,1.22,0.41,-36.65,5431.0,6758.0,235615.0,21.33,0.0,0.0,235615.0,21.33,-178720.0,-16.18,-56894.0,-5.15,-100.0,0.905,0.906,100154938.0,90740374,90740374,2026-06-04,2026-06-04 15:34:48+08:00
561780,1000增强ETF博时,1.662,1.6706,0.51,0.0,0.0,1378.0,229398.0,1.659,1.675,1.659,1.662,0.96,0.9,0.11,-5.36,230.0,1148.0,62223.0,27.12,0.0,0.0,62223.0,27.12,-74813.0,-32.61,12590.0,5.49,-71.0,1.666,1.672,15355800.0,25521340,25521340,2026-06-04,2026-06-04 16:11:49+08:00
510590,中证500ETF平安,8.926,8.9594,0.37,0.0,0.0,3424.0,3051426.0,8.926,8.954,8.867,8.926,0.97,0.24,0.79,-0.97,1850.0,1574.0,93467.0,3.06,0.0,0.0,93467.0,3.06,119718.0,3.92,-213185.0,-6.99,-2.0,8.916,8.923,142786100.0,1274508729,1274508729,2026-06-04,2026-06-04 16:11:51+08:00
159888,智能汽车ETF华夏,1.197,1.1984,0.12,0.0,0.0,218963.0,26163279.5,1.197,1.203,1.181,1.197,1.84,27.91,0.93,-11.42,125161.0,93802.0,-1214596.0,-4.64,99155.0,0.38,-1313751.0,-5.02,1165488.0,4.45,49108.0,0.19,-104.0,1.197,1.198,78446068.0,93899943,93899943,2026-06-04,2026-06-04 15:34:27+08:00
516290,光伏ETF汇添富,0.662,0.6626,0.09,0.0,0.0,323069.0,21285664.0,0.651,0.667,0.649,0.662,2.72,4.13,0.59,-19.26,181696.0,141373.0,-665214.0,-3.13,-1481823.0,-6.96,816609.0,3.84,374544.0,1.76,290670.0,1.37,-339.0,0.662,0.663,783196896.0,518476345,518476345,2026-06-04,2026-06-04 16:11:41+08:00
560630,机器人ETF万家,1.264,1.2654,0.11,0.0,0.0,105203.0,13355922.0,1.245,1.285,1.242,1.264,3.4,8.13,0.75,-36.31,42533.0,62670.0,-764456.0,-5.72,-913868.0,-6.84,149412.0,1.12,627001.0,4.69,137454.0,1.03,84.0,1.263,1.264,129394000.0,163554016,163554016,2026-06-04,2026-06-04 16:11:56+08:00
560980,光伏龙头ETF广发,0.839,0.8381,-0.11,0.0,0.0,258353.0,21555203.0,0.831,0.843,0.825,0.839,2.15,5.4,0.55,2.87,123977.0,134376.0,1015569.0,4.71,86229.0,0.4,929340.0,4.31,-632989.0,-2.94,-382580.0,-1.77,162.0,0.837,0.839,478522000.0,401479958,401479958,2026-06-04,2026-06-04 16:11:42+08:00
159795,智能汽车ETF汇添富,1.026,1.0265,0.05,0.0,0.0,21555.0,2208304.6,1.012,1.031,1.012,1.026,1.85,7.65,0.37,8.69,14844.0,6711.0,93494.0,4.23,0.0,0.0,93494.0,4.23,-123.0,-0.01,-93371.0,-4.23,9.0,1.023,1.028,28169473.0,28901879,28901879,2026-06-04,2026-06-04 15:34:21+08:00
159578,深证主板50ETF南方,1.214,1.2142,0.02,0.0,0.0,487.0,59057.1,1.209,1.219,1.206,1.214,1.07,0.24,0.22,-25.21,47.0,440.0,50451.0,85.43,0.0,0.0,50451.0,85.43,362.0,0.61,-50813.0,-86.04,16.0,1.209,1.214,19998831.0,24278581,24278581,2026-06-04,2026-06-04 15:34:39+08:00
159763,新材料ETF建信,0.786,0.7865,0.06,0.0,0.0,70905.0,5562141.476,0.779,0.791,0.774,0.786,2.16,7.33,0.8,-4.86,26790.0,44115.0,302929.0,5.45,0.0,0.0,302929.0,5.45,-286212.0,-5.15,-16717.0,-0.3,-14.0,0.786,0.787,96707747.0,76012289,76012289,2026-06-04,2026-06-04 15:34:12+08:00
512710,军工龙头ETF富国,0.686,0.6851,-0.13,0.0,0.0,3757166.0,256446610.0,0.681,0.686,0.678,0.686,1.17,3.2,0.63,15.05,1979388.0,1777778.0,4868590.0,1.9,21332324.0,8.32,-16463734.0,-6.42,-6288083.0,-2.45,1419493.0,0.55,52.0,0.685,0.686,11726658304.0,8044487597,8044487597,2026-06-04,2026-06-04 16:11:33+08:00
