代码,名称,最新价,IOPV实时估值,基金折价率,涨跌额,涨跌幅,成交量,成交额,开盘价,最高价,最低价,昨收,振幅,换手率,量比,委比,外盘,内盘,主力净流入-净额,主力净流入-净占比,超大单净流入-净额,超大单净流入-净占比,大单净流入-净额,大单净流入-净占比,中单净流入-净额,中单净流入-净占比,小单净流入-净额,小单净流入-净占比,现手,买一,卖一,最新份额,流通市值,总市值,数据日期,更新时间
159206,卫星ETF永赢,1.688,1.6891,0.07,0.06,3.69,4896156.0,814401054.27,1.649,1.7,1.62,1.628,4.91,4.44,1.43,12.78,2711391.0,2184765.0,-13796871.0,-1.69,4862297.0,0.6,-18659168.0,-2.29,13535747.0,1.66,261123.0,0.03,-28.0,1.688,1.689,11025953280.0,18611809137,18611809137,2026-06-05,2026-06-05 11:10:51+08:00
512630,卫星ETF广发,1.398,1.3978,-0.01,0.041,3.02,1127295.0,155634070.0,1.368,1.406,1.348,1.357,4.27,7.05,1.78,2.25,649573.0,477722.0,13031879.0,8.37,8178124.0,5.25,4853755.0,3.12,-5232496.0,-3.36,-7799383.0,-5.01,22.0,1.397,1.398,1598426000.0,2234599548,2234599548,2026-06-05,2026-06-05 11:10:34+08:00
563530,卫星ETF易方达,1.392,1.3918,-0.01,0.04,2.96,742050.0,101966481.0,1.371,1.4,1.342,1.352,4.29,5.03,1.41,22.68,460712.0,281338.0,4749744.0,4.66,2318746.0,2.27,2430998.0,2.38,-3248989.0,-3.19,-1500755.0,-1.47,211.0,1.391,1.392,1474748000.0,2052849216,2052849216,2026-06-05,2026-06-05 11:10:19+08:00
159218,卫星ETF招商,1.704,1.7052,0.07,0.048,2.9,780222.0,131401457.145,1.671,1.714,1.645,1.656,4.17,3.26,1.29,3.21,457225.0,322997.0,9924553.0,7.55,5466224.0,4.16,4458329.0,3.39,-2682806.0,-2.04,-7241747.0,-5.51,-49.0,1.704,1.705,2393616384.0,4078722318,4078722318,2026-06-05,2026-06-05 11:10:51+08:00
563230,卫星ETF富国,1.395,1.3958,0.06,0.039,2.88,1764384.0,243389946.0,1.366,1.405,1.347,1.356,4.28,5.13,1.49,1.01,1035931.0,728453.0,20866008.0,8.57,22059165.0,9.06,-1193157.0,-0.49,-5990341.0,-2.46,-14875668.0,-6.11,-18.0,1.395,1.396,3439237008.0,4797735626,4797735626,2026-06-05,2026-06-05 11:10:20+08:00
159283,通用航空ETF南方,1.008,1.0083,0.03,0.028,2.86,84271.0,8356031.9,0.985,1.013,0.976,0.98,3.78,2.81,1.46,1.59,59667.0,24604.0,35500.0,0.42,-369138.0,-4.42,404638.0,4.84,-10549.0,-0.13,-24950.0,-0.3,-177.0,1.007,1.008,299437984.0,301833488,301833488,2026-06-05,2026-06-05 11:10:51+08:00
563790,卫星ETF鹏华,1.048,1.0497,0.16,0.029,2.85,485624.0,50393053.0,1.027,1.057,1.013,1.019,4.32,4.54,1.48,39.08,297303.0,188321.0,9238573.0,18.33,8091891.0,16.06,1146682.0,2.28,-4744349.0,-9.41,-4494224.0,-8.92,-21.0,1.048,1.049,1069447008.0,1120780464,1120780464,2026-06-05,2026-06-05 11:10:21+08:00
159507,通信ETF广发,3.254,3.2485,-0.17,0.089,2.81,251961.0,81675040.7,3.151,3.304,3.147,3.165,4.96,14.91,2.39,-35.34,123767.0,128194.0,-13158611.0,-16.11,564443.0,0.69,-13723054.0,-16.8,5931506.0,7.26,7227105.0,8.85,-2061.0,3.252,3.253,168943634.0,549742585,549742585,2026-06-05,2026-06-05 11:10:48+08:00
563320,通用航空ETF华泰柏瑞,0.989,0.9899,0.09,0.025,2.59,151309.0,14829459.0,0.971,0.994,0.958,0.964,3.73,6.82,1.27,-5.38,96274.0,55035.0,1097512.0,7.4,1019908.0,6.88,77604.0,0.52,-800869.0,-5.4,-296644.0,-2.0,-50.0,0.989,0.99,221892000.0,219451188,219451188,2026-06-05,2026-06-05 11:10:19+08:00
561660,通用航空ETF平安,1.06,1.0609,0.08,0.026,2.51,65433.0,6839075.0,1.034,1.065,1.025,1.034,3.87,9.52,1.5,8.44,46584.0,18849.0,191395.0,2.8,0.0,0.0,191395.0,2.8,-38904.0,-0.57,-152491.0,-2.23,1.0,1.059,1.06,68710000.0,72832600,72832600,2026-06-05,2026-06-05 11:10:24+08:00
159787,建材ETF易方达,0.664,0.6631,-0.14,0.016,2.47,25738.0,1694163.7,0.648,0.665,0.648,0.648,2.62,1.99,1.63,2.13,12591.0,13147.0,-58117.0,-3.43,-130.0,-0.01,-57987.0,-3.42,151449.0,8.94,-93332.0,-5.51,600.0,0.663,0.664,129521633.0,86002364,86002364,2026-06-05,2026-06-05 11:10:30+08:00
159743,湖北ETF博时,1.58,1.5807,0.04,0.038,2.46,7033.0,1107300.0,1.541,1.586,1.531,1.542,3.57,0.65,1.47,0.07,4639.0,2394.0,-138018.0,-12.46,0.0,0.0,-138018.0,-12.46,113170.0,10.22,24848.0,2.24,20.0,1.58,1.581,108941100.0,172126938,172126938,2026-06-05,2026-06-05 11:10:36+08:00
563870,通用航空ETF鹏华,0.764,0.7664,0.31,0.018,2.41,29754.0,2234298.0,0.748,0.768,0.74,0.746,3.75,2.47,2.28,32.5,21499.0,8255.0,71034.0,3.18,0.0,0.0,71034.0,3.18,-54810.0,-2.45,-16223.0,-0.73,2.0,0.763,0.764,120303900.0,91912180,91912180,2026-06-05,2026-06-05 11:10:19+08:00
159695,通信ETF嘉实,3.566,3.5651,-0.03,0.081,2.32,141808.0,50358992.7,3.472,3.628,3.4,3.485,6.54,6.57,1.68,-71.78,68783.0,73025.0,-4207244.0,-8.35,-3368363.0,-6.69,-838881.0,-1.67,175046.0,0.35,4032198.0,8.01,6.0,3.562,3.566,215812086.0,769585899,769585899,2026-06-05,2026-06-05 11:10:42+08:00
159583,通信ETF富国,2.055,2.0563,0.06,0.046,2.29,1879932.0,383633786.1,1.999,2.094,1.993,2.009,5.03,14.17,1.59,-18.86,984495.0,895437.0,-29546088.0,-7.7,-2685022.0,-0.7,-26861066.0,-7.0,14367764.0,3.75,15178324.0,3.96,-50.0,2.054,2.056,1326592896.0,2726148401,2726148401,2026-06-05,2026-06-05 11:10:45+08:00
159133,化工ETF天弘,1.121,1.1201,-0.08,0.025,2.28,245801.0,27145782.5,1.092,1.123,1.088,1.096,3.19,1.26,1.83,55.01,126658.0,119143.0,2842714.0,10.47,1752513.0,6.46,1090201.0,4.02,-2117892.0,-7.8,-724824.0,-2.67,21.0,1.12,1.121,1957413344.0,2194260359,2194260359,2026-06-05,2026-06-05 11:10:54+08:00
516220,化工ETF国泰,0.923,0.9233,0.03,0.02,2.21,110649.0,10063179.0,0.903,0.925,0.897,0.903,3.1,3.21,1.26,-0.73,54211.0,56438.0,405859.0,4.03,-196057.0,-1.95,601916.0,5.98,-136115.0,-1.35,-269745.0,-2.68,220.0,0.922,0.923,344170000.0,317668910,317668910,2026-06-05,2026-06-05 11:10:30+08:00
159745,建材ETF国泰,0.604,0.6032,-0.13,0.013,2.2,475379.0,28500821.6,0.59,0.606,0.59,0.591,2.71,2.99,1.32,12.16,349873.0,125506.0,2055389.0,7.21,4965508.0,17.42,-2910119.0,-10.21,-1304690.0,-4.58,-750699.0,-2.63,50.0,0.603,0.604,1589688272.0,960171716,960171716,2026-06-05,2026-06-05 11:10:39+08:00
516750,建材ETF富国,0.66,0.6596,-0.06,0.014,2.17,132418.0,8680049.0,0.646,0.661,0.644,0.646,2.63,9.35,1.58,3.21,69794.0,62624.0,-300199.0,-3.46,116181.0,1.34,-416380.0,-4.8,270381.0,3.11,29817.0,0.34,1.0,0.66,0.661,141667300.0,93500418,93500418,2026-06-05,2026-06-05 11:10:30+08:00
516120,化工ETF富国,0.905,0.905,0.0,0.019,2.14,637824.0,57004965.0,0.878,0.907,0.878,0.886,3.27,1.14,0.99,28.31,348859.0,288965.0,4579463.0,8.03,5515795.0,9.68,-936332.0,-1.64,-2266300.0,-3.98,-2313163.0,-4.06,5.0,0.904,0.905,5584081920.0,5053594138,5053594138,2026-06-05,2026-06-05 11:10:32+08:00
159870,化工ETF鹏华,0.831,0.8316,0.07,0.017,2.09,4204878.0,344929426.511,0.81,0.834,0.808,0.814,3.19,2.07,0.98,48.48,2382052.0,1822825.0,28664976.0,8.31,49345586.0,14.31,-20680610.0,-6.0,-19940356.0,-5.78,-8724621.0,-2.53,-222.0,0.831,0.832,20301106944.0,16870219870,16870219870,2026-06-05,2026-06-05 11:10:39+08:00
516020,化工ETF华宝,0.884,0.8845,0.06,0.018,2.08,1582791.0,138320219.0,0.86,0.887,0.86,0.866,3.12,3.87,1.93,47.38,760663.0,822128.0,11367473.0,8.22,22717634.0,16.42,-11350161.0,-8.21,-8686787.0,-6.28,-2680687.0,-1.94,-3008.0,0.884,0.885,4085326208.0,3611428368,3611428368,2026-06-05,2026-06-05 11:10:31+08:00
159241,航空航天ETF天弘,1.183,1.1827,-0.03,0.024,2.07,586707.0,68701651.6,1.162,1.187,1.156,1.159,2.67,5.61,1.58,33.4,321605.0,265102.0,-474492.0,-0.69,1438896.0,2.1,-1913388.0,-2.79,1493692.0,2.18,-1019200.0,-1.49,1959.0,1.182,1.183,1046074272.0,1237505864,1237505864,2026-06-05,2026-06-05 11:10:51+08:00
159129,化工ETF嘉实,1.089,1.09,0.09,0.022,2.06,167990.0,18077926.5,1.066,1.091,1.06,1.067,2.91,1.23,1.55,66.02,101959.0,66031.0,4162694.0,23.03,-357039.0,-1.98,4519733.0,25.0,-3644366.0,-20.16,-518330.0,-2.87,-130.0,1.089,1.09,1365406592.0,1486927779,1486927779,2026-06-05,2026-06-05 11:10:51+08:00
516570,化工行业ETF易方达,1.008,1.0082,0.02,0.02,2.02,296363.0,29573859.0,0.988,1.01,0.983,0.988,2.73,2.07,1.0,-3.39,180598.0,115765.0,1615296.0,5.46,1270064.0,4.29,345232.0,1.17,-1164430.0,-3.94,-450865.0,-1.52,12.0,1.007,1.008,1429357600.0,1440792461,1440792461,2026-06-05,2026-06-05 11:10:31+08:00
159731,石化ETF华夏,0.925,0.9255,0.05,0.018,1.98,485422.0,44463630.4,0.905,0.927,0.901,0.907,2.87,5.09,1.15,28.88,233799.0,251623.0,-791217.0,-1.78,718259.0,1.62,-1509476.0,-3.39,-73160.0,-0.16,864376.0,1.94,-35.0,0.925,0.926,953375808.0,881872622,881872622,2026-06-05,2026-06-05 11:10:42+08:00
159869,游戏ETF华夏,1.132,1.1324,0.04,0.022,1.98,2536919.0,286071330.448,1.111,1.139,1.11,1.11,2.61,3.55,1.9,4.7,1414382.0,1122537.0,35707269.0,12.48,46068968.0,16.1,-10361699.0,-3.62,-21445953.0,-7.5,-14261316.0,-4.99,124.0,1.131,1.132,7151082240.0,8095025096,8095025096,2026-06-05,2026-06-05 11:10:39+08:00
516010,游戏ETF国泰,1.125,1.1261,0.1,0.021,1.9,451529.0,50576304.0,1.105,1.132,1.104,1.104,2.54,2.11,1.36,-2.2,271227.0,180302.0,6383771.0,12.62,-1307116.0,-2.58,7690887.0,15.21,-2999853.0,-5.93,-3383918.0,-6.69,45.0,1.124,1.125,2139693008.0,2407154634,2407154634,2026-06-05,2026-06-05 11:10:26+08:00
516770,游戏ETF华泰柏瑞,1.183,1.1836,0.05,0.022,1.89,141374.0,16673835.0,1.157,1.19,1.157,1.161,2.84,4.6,1.44,13.22,89314.0,52060.0,73576.0,0.44,725572.0,4.35,-651996.0,-3.91,317812.0,1.91,-391389.0,-2.35,-1.0,1.183,1.184,307048000.0,363237784,363237784,2026-06-05,2026-06-05 11:10:30+08:00
159267,航天ETF华安,0.984,0.9846,0.06,0.018,1.86,827846.0,80857337.014,0.975,0.989,0.964,0.966,2.59,3.51,1.48,43.94,476541.0,351305.0,1761910.0,2.18,2954855.0,3.65,-1192945.0,-1.48,-1249279.0,-1.55,-512630.0,-0.63,-100.0,0.984,0.985,2358506128.0,2320770030,2320770030,2026-06-05,2026-06-05 11:10:51+08:00
159227,航空航天ETF华夏,1.154,1.1543,0.03,0.021,1.85,1390728.0,159057538.1,1.138,1.158,1.129,1.133,2.56,3.17,1.29,17.95,815566.0,575162.0,4137484.0,2.6,7434782.0,4.67,-3297298.0,-2.07,-183250.0,-0.12,-3954233.0,-2.49,-464.0,1.154,1.155,4380911104.0,5055571414,5055571414,2026-06-05,2026-06-05 11:10:51+08:00
159378,通用航空ETF永赢,1.165,1.1648,-0.02,0.021,1.84,158387.0,18171700.7,1.144,1.169,1.133,1.144,3.15,2.88,1.13,62.09,90196.0,68191.0,2003801.0,11.03,-146640.0,-0.81,2150441.0,11.83,-1786776.0,-9.83,-217023.0,-1.19,2.0,1.164,1.165,550271072.0,641065799,641065799,2026-06-05,2026-06-05 11:10:48+08:00
513400,道琼斯ETF鹏华,1.283,1.2759,-0.56,0.023,1.83,1405780.0,180796427.0,1.285,1.294,1.282,1.26,0.95,6.43,1.27,16.98,650331.0,755449.0,4131601.0,2.29,4700993.0,2.6,-569392.0,-0.31,-3656972.0,-2.02,-474630.0,-0.26,-8.0,1.283,1.284,2187062000.0,2806000546,2806000546,2026-06-05,2026-06-05 11:10:32+08:00
159392,航空ETF富国,1.066,1.0673,0.12,0.019,1.81,49816.0,5262623.0,1.047,1.07,1.039,1.047,2.96,2.66,1.22,52.64,28094.0,21722.0,2815497.0,53.5,1483655.0,28.19,1331842.0,25.31,-2614863.0,-49.69,-200635.0,-3.81,-100.0,1.066,1.067,187285500.0,199646343,199646343,2026-06-05,2026-06-05 11:10:45+08:00
159208,航空航天ETF万家,1.194,1.1947,0.06,0.021,1.79,94231.0,11155233.8,1.175,1.199,1.169,1.173,2.56,2.94,1.37,60.45,61986.0,32245.0,1046973.0,9.39,8730.0,0.08,1038243.0,9.31,-708335.0,-6.35,-338639.0,-3.04,55.0,1.193,1.194,320462784.0,382632564,382632564,2026-06-05,2026-06-05 11:10:51+08:00
159257,航空ETF汇添富,0.983,0.9839,0.09,0.017,1.76,40829.0,3979527.2,0.978,0.987,0.958,0.966,3.0,2.68,1.24,15.2,19010.0,21819.0,868304.0,21.82,1675880.0,42.11,-807576.0,-20.29,-777619.0,-19.54,-90684.0,-2.28,-550.0,0.983,0.984,152416949.0,149825861,149825861,2026-06-05,2026-06-05 11:10:51+08:00
560810,央企ESGETF融通,1.303,1.2992,-0.29,0.022,1.72,14986.0,1946217.0,1.28,1.306,1.276,1.281,2.34,0.73,7.2,0.6,5533.0,9453.0,-29874.0,-1.53,779800.0,40.07,-809674.0,-41.6,29715.0,1.53,159.0,0.01,-20.0,1.299,1.304,206116000.0,268569148,268569148,2026-06-05,2026-06-05 11:10:28+08:00
159535,中证2000ETF嘉实,1.562,1.5645,0.16,0.026,1.69,32470.0,4983374.5,1.536,1.563,1.517,1.536,2.99,19.12,1.62,20.75,15556.0,16914.0,893412.0,17.93,1056060.0,21.19,-162648.0,-3.26,-809700.0,-16.25,-83713.0,-1.68,-20.0,1.562,1.563,16981088.0,26524459,26524459,2026-06-05,2026-06-05 11:10:45+08:00
159230,通用航空ETF华夏,1.089,1.0902,0.11,0.018,1.68,131214.0,14088459.9,1.071,1.093,1.061,1.071,2.99,3.89,1.29,58.5,68998.0,62216.0,648307.0,4.6,-254888.0,-1.81,903195.0,6.41,-380220.0,-2.7,-268086.0,-1.9,-2.0,1.089,1.09,337304224.0,367324300,367324300,2026-06-05,2026-06-05 11:10:51+08:00
159575,创业板200ETF银华,1.555,1.5566,0.1,0.025,1.63,4593.0,708906.1,1.523,1.556,1.515,1.53,2.68,3.42,0.49,0.07,384.0,4209.0,243821.0,34.39,0.0,0.0,243821.0,34.39,-205516.0,-28.99,-38305.0,-5.4,-48.0,1.555,1.556,13410425.0,20853211,20853211,2026-06-05,2026-06-05 11:10:45+08:00
159521,国证2000ETF平安,1.381,1.3828,0.13,0.022,1.62,22683.0,3089221.4,1.346,1.381,1.346,1.359,2.58,14.85,2.43,6.19,15817.0,6866.0,30674.0,0.99,0.0,0.0,30674.0,0.99,-22215.0,-0.72,-8459.0,-0.27,2634.0,1.38,1.382,15274435.0,21093995,21093995,2026-06-05,2026-06-05 11:10:48+08:00
159638,高端装备ETF嘉实,0.961,0.9603,-0.07,0.015,1.59,571303.0,54296687.7,0.948,0.964,0.936,0.946,2.96,3.86,1.94,17.46,289854.0,281449.0,2414753.0,4.45,9584703.0,17.65,-7169950.0,-13.21,-2109882.0,-3.89,-304871.0,-0.56,50.0,0.96,0.961,1480341936.0,1422608600,1422608600,2026-06-05,2026-06-05 11:10:45+08:00
159552,中证2000增强ETF招商,2.301,2.3035,0.11,0.036,1.59,236322.0,53688638.2,2.25,2.301,2.238,2.265,2.78,5.87,1.84,26.85,117271.0,119051.0,5931024.0,11.05,3078582.0,5.73,2852442.0,5.31,-4494563.0,-8.37,-1436462.0,-2.68,-2.0,2.301,2.302,402290320.0,925670026,925670026,2026-06-05,2026-06-05 11:10:45+08:00
515880,通信ETF国泰,1.735,1.734,-0.06,0.027,1.58,16495747.0,2857336087.0,1.697,1.768,1.689,1.708,4.63,7.61,1.28,58.83,8126921.0,8368826.0,-237922336.0,-8.33,-94388800.0,-3.3,-143533536.0,-5.02,121618240.0,4.26,116309312.0,4.07,730.0,1.734,1.735,21671887104.0,37600724125,37600724125,2026-06-05,2026-06-05 11:10:30+08:00
159255,通用航空ETF易方达,0.977,0.9776,0.06,0.015,1.56,65155.0,6299538.1,0.969,0.98,0.952,0.962,2.91,10.8,1.93,2.14,35882.0,29273.0,-104742.0,-1.66,0.0,0.0,-104742.0,-1.66,125945.0,2.0,-21202.0,-0.34,-250.0,0.977,0.978,60338868.0,58951074,58951074,2026-06-05,2026-06-05 11:10:51+08:00
563380,航空航天ETF华泰柏瑞,1.045,1.0451,0.01,0.016,1.55,420494.0,43657310.0,1.033,1.05,1.026,1.029,2.33,4.83,1.54,-0.51,234670.0,185824.0,57934.0,0.13,811922.0,1.86,-753988.0,-1.73,-1078552.0,-2.47,1020619.0,2.34,15.0,1.044,1.045,870950000.0,910142750,910142750,2026-06-05,2026-06-05 11:10:20+08:00
159571,创业板200ETF富国,1.587,1.5912,0.26,0.024,1.54,822.0,128237.0,1.569,1.592,1.543,1.563,3.13,0.46,0.82,-0.81,396.0,426.0,0.0,0.0,0.0,0.0,0.0,0.0,56337.0,43.93,-56337.0,-43.93,-52.0,1.588,1.591,17981814.0,28537139,28537139,2026-06-05,2026-06-05 11:10:45+08:00
512190,浙商之江凤凰ETF,2.768,2.7715,0.13,0.042,1.54,1150.0,315941.0,2.718,2.768,2.714,2.726,1.98,0.07,0.64,-59.22,941.0,209.0,0.0,0.0,0.0,0.0,0.0,0.0,351.0,0.11,-350.0,-0.11,26.0,2.754,2.767,159518400.0,441546931,441546931,2026-06-05,2026-06-05 11:10:36+08:00
159555,中证2000增强ETF银华,1.812,1.8154,0.19,0.027,1.51,72431.0,12994756.0,1.786,1.812,1.77,1.785,2.35,19.33,2.75,-3.48,38014.0,34417.0,-9590.0,-0.07,-903000.0,-6.95,893410.0,6.88,50154.0,0.39,-40564.0,-0.31,3.0,1.811,1.812,37462705.0,67882421,67882421,2026-06-05,2026-06-05 11:10:45+08:00
159713,稀土ETF富国,1.446,1.4455,-0.03,0.021,1.47,450201.0,64256685.155,1.411,1.446,1.409,1.425,2.6,7.24,1.33,49.76,262802.0,187399.0,4385209.0,6.82,-7303241.0,-11.37,11688450.0,18.19,-2271237.0,-3.53,-2113972.0,-3.29,52.0,1.444,1.446,621755056.0,899057811,899057811,2026-06-05,2026-06-05 11:10:42+08:00
561920,疫苗ETF招商,0.62,0.6183,-0.27,0.009,1.47,9715.0,600334.0,0.612,0.62,0.612,0.611,1.31,2.28,3.34,7.8,8390.0,1325.0,21597.0,3.6,0.0,0.0,21597.0,3.6,13574.0,2.26,-35171.0,-5.86,4.0,0.618,0.619,42692000.0,26469040,26469040,2026-06-05,2026-06-05 11:10:26+08:00
563300,中证2000ETF华泰柏瑞,1.583,1.5833,0.02,0.023,1.47,2020206.0,316144576.0,1.556,1.584,1.542,1.56,2.69,8.97,1.3,-70.8,1063137.0,957069.0,12068466.0,3.82,11265737.0,3.56,802729.0,0.25,-7070685.0,-2.24,-4997781.0,-1.58,-3.0,1.583,1.584,2251174000.0,3563608442,3563608442,2026-06-05,2026-06-05 11:10:19+08:00
159231,通用航空ETF华宝,0.569,0.5693,0.05,0.008,1.43,75989.0,4251352.6,0.562,0.571,0.554,0.561,3.03,2.34,0.99,61.13,36594.0,39395.0,128694.0,3.03,125790.0,2.96,2904.0,0.07,-55726.0,-1.31,-72969.0,-1.72,900.0,0.569,0.57,325091856.0,184977266,184977266,2026-06-05,2026-06-05 11:10:51+08:00
159804,创中盘88ETF国寿,1.772,1.7818,0.55,0.025,1.43,388.0,67761.6,1.754,1.773,1.728,1.747,2.58,0.16,0.43,42.49,107.0,281.0,1054.0,1.56,0.0,0.0,1054.0,1.56,40701.0,60.06,-41754.0,-61.62,20.0,1.773,1.781,23899676.0,42350226,42350226,2026-06-05,2026-06-05 11:10:39+08:00
516910,物流ETF富国,1.153,1.1529,-0.01,0.016,1.41,88412.0,10144777.0,1.135,1.155,1.135,1.137,1.76,12.88,1.34,1.88,45376.0,43036.0,-249843.0,-2.46,69705.0,0.69,-319548.0,-3.15,370081.0,3.65,-120238.0,-1.19,97.0,1.152,1.153,68641800.0,79143995,79143995,2026-06-05,2026-06-05 11:10:30+08:00
513290,纳指生物科技ETF汇添富,1.443,1.463,1.37,0.02,1.41,397935.0,57493422.0,1.445,1.451,1.441,1.423,0.7,4.11,1.44,-4.57,196230.0,201705.0,1274640.0,2.22,-2814772.0,-4.9,4089412.0,7.11,1807103.0,3.14,-3081744.0,-5.36,-10.0,1.443,1.444,967572096.0,1396206535,1396206535,2026-06-05,2026-06-05 11:10:31+08:00
159270,创业板200ETF南方,1.234,1.2359,0.15,0.017,1.4,96086.0,11644055.3,1.208,1.238,1.198,1.217,3.29,9.17,2.4,5.02,60369.0,35717.0,1506471.0,12.94,0.0,0.0,1506471.0,12.94,-1490231.0,-12.8,-16240.0,-0.14,-1000.0,1.233,1.235,104763649.0,129278343,129278343,2026-06-05,2026-06-05 11:10:51+08:00
588850,科创机械ETF嘉实,1.971,1.9752,0.21,0.027,1.39,64377.0,12426417.0,1.944,1.971,1.9,1.944,3.65,10.25,1.02,12.47,33504.0,30873.0,-706588.0,-5.69,-1079068.0,-8.68,372480.0,3.0,543001.0,4.37,163588.0,1.32,2.0,1.971,1.972,62779000.0,123737409,123737409,2026-06-05,2026-06-05 11:10:18+08:00
563010,电信ETF易方达,2.423,2.4186,-0.18,0.033,1.38,50497.0,12176520.0,2.389,2.446,2.37,2.39,3.18,5.09,1.33,21.16,27256.0,23241.0,-106635.0,-0.88,191061.0,1.57,-297696.0,-2.44,-174503.0,-1.43,281139.0,2.31,-3.0,2.418,2.419,99189300.0,240335674,240335674,2026-06-05,2026-06-05 11:10:19+08:00
159502,标普生物科技ETF嘉实,1.322,1.3446,1.68,0.018,1.38,714537.0,94626418.48,1.327,1.329,1.322,1.304,0.54,5.71,0.88,-22.96,330768.0,383769.0,608910.0,0.64,8986649.0,9.5,-8377739.0,-8.85,3220348.0,3.4,-3829257.0,-4.05,-312.0,1.322,1.323,1250323024.0,1652927038,1652927038,2026-06-05,2026-06-05 11:10:36+08:00
515750,科技50ETF富国,1.988,1.9928,0.24,0.027,1.38,95567.0,18814586.0,1.959,1.993,1.93,1.961,3.21,3.07,3.54,68.48,32491.0,63076.0,9211729.0,48.96,7887787.0,41.92,1323942.0,7.04,-9195494.0,-48.87,-16235.0,-0.09,19.0,1.988,1.989,311140496.0,618547306,618547306,2026-06-05,2026-06-05 11:10:30+08:00
159511,通信ETF南方,2.81,2.806,-0.14,0.038,1.37,58292.0,16310643.8,2.76,2.855,2.746,2.772,3.93,4.7,1.63,84.65,26853.0,31439.0,-1130957.0,-6.93,1099884.0,6.74,-2230841.0,-13.68,155930.0,0.96,975028.0,5.98,9.0,2.804,2.808,123944573.0,348284250,348284250,2026-06-05,2026-06-05 11:10:48+08:00
516780,稀土ETF华泰柏瑞,0.965,0.9655,0.05,0.013,1.37,578663.0,55178567.0,0.943,0.965,0.94,0.952,2.63,2.29,1.14,23.85,292939.0,285724.0,2172523.0,3.94,658855.0,1.19,1513668.0,2.74,-730699.0,-1.32,-1441823.0,-2.61,5.0,0.964,0.965,2522099696.0,2433826207,2433826207,2026-06-05,2026-06-05 11:10:30+08:00
159855,影视ETF银华,0.821,0.8214,0.05,0.011,1.36,59226.0,4836103.3,0.809,0.822,0.809,0.81,1.6,3.62,0.96,30.59,42948.0,16278.0,1363280.0,28.24,75449.0,1.56,1287831.0,26.68,-1206499.0,-25.0,-156783.0,-3.25,115.0,0.82,0.821,163425236.0,134172119,134172119,2026-06-05,2026-06-05 11:10:36+08:00
159981,能源化工ETF建信,1.637,1.6413,0.26,0.022,1.36,1416840.0,231238843.2,1.617,1.646,1.617,1.615,1.8,6.97,1.51,-6.74,788740.0,628100.0,17220784.0,7.45,4805166.0,2.08,12415618.0,5.37,-9293426.0,-4.02,-7927357.0,-3.43,-145.0,1.637,1.638,2032536960.0,3327263004,3327263004,2026-06-05,2026-06-05 11:10:39+08:00
560300,电信ETF汇添富,2.565,2.5589,-0.24,0.034,1.34,5452.0,1393935.0,2.531,2.593,2.513,2.531,3.16,1.89,0.7,0.37,2212.0,3240.0,-441835.0,-31.7,-202446.0,-14.52,-239389.0,-17.17,260790.0,18.71,181045.0,12.99,54.0,2.563,2.565,28803400.0,73880721,73880721,2026-06-05,2026-06-05 11:10:26+08:00
562660,中证2000ETF华夏,1.962,1.9654,0.17,0.026,1.34,133756.0,25824465.0,1.935,1.962,1.908,1.936,2.79,5.29,0.98,5.18,72068.0,61688.0,-1238952.0,-4.8,-398836.0,-1.54,-840116.0,-3.25,1968740.0,7.62,-729788.0,-2.83,-8.0,1.962,1.963,252874000.0,496138788,496138788,2026-06-05,2026-06-05 11:10:26+08:00
562510,旅游ETF华夏,0.603,0.6025,-0.08,0.008,1.34,609843.0,36914405.0,0.596,0.612,0.596,0.595,2.69,6.09,1.32,15.25,339473.0,270370.0,1632649.0,4.42,5200079.0,14.09,-3567430.0,-9.66,-753635.0,-2.04,-879015.0,-2.38,77.0,0.602,0.603,1001595008.0,603961790,603961790,2026-06-05,2026-06-05 11:10:24+08:00
516530,物流ETF银华,0.993,0.9932,0.02,0.013,1.33,2134.0,211088.0,0.973,0.993,0.973,0.98,2.04,1.2,0.42,4.76,1655.0,479.0,31314.0,14.83,98.0,0.05,31216.0,14.79,19780.0,9.37,-51094.0,-24.21,197.0,0.993,0.994,17802300.0,17677684,17677684,2026-06-05,2026-06-05 11:10:31+08:00
516620,影视ETF国泰,0.918,0.9183,0.03,0.012,1.32,180669.0,16475965.0,0.903,0.919,0.903,0.906,1.77,10.13,1.55,9.57,103969.0,76700.0,1863845.0,11.31,-751357.0,-4.56,2615202.0,15.87,-870021.0,-5.28,-993824.0,-6.03,13.0,0.917,0.918,178267500.0,163649565,163649565,2026-06-05,2026-06-05 11:10:31+08:00
512710,军工龙头ETF富国,0.695,0.6959,0.13,0.009,1.31,2852562.0,196933975.0,0.685,0.699,0.682,0.686,2.48,2.43,1.23,23.28,1744369.0,1108193.0,20182925.0,10.25,37832045.0,19.21,-17649120.0,-8.96,-13533358.0,-6.87,-6649567.0,-3.38,-4.0,0.695,0.696,11723658496.0,8147942655,8147942655,2026-06-05,2026-06-05 11:10:34+08:00
159145,工业软件ETF广发,0.929,0.9287,-0.03,0.012,1.31,24764.0,2269162.9,0.919,0.93,0.908,0.917,2.4,2.86,0.95,45.91,13595.0,11169.0,357544.0,15.76,699282.0,30.82,-341738.0,-15.06,-221628.0,-9.77,-135917.0,-5.99,3.0,0.928,0.929,86581845.0,80434534,80434534,2026-06-05,2026-06-05 11:10:51+08:00
159715,稀土ETF易方达,1.327,1.3269,-0.01,0.017,1.3,483364.0,63369316.5,1.303,1.327,1.294,1.31,2.52,7.73,1.6,41.83,272714.0,210650.0,5646317.0,8.91,3711374.0,5.86,1934943.0,3.05,-4619572.0,-7.29,-1026746.0,-1.62,50.0,1.326,1.327,625530272.0,830078671,830078671,2026-06-05,2026-06-05 11:10:42+08:00
516820,医疗创新ETF平安,0.313,0.3128,-0.06,0.004,1.29,923687.0,29028602.0,0.31,0.317,0.31,0.309,2.27,1.65,1.73,20.45,570999.0,352688.0,2425479.0,8.36,5447456.0,18.77,-3021977.0,-10.41,-2050472.0,-7.06,-375006.0,-1.29,500.0,0.312,0.313,5605415168.0,1754494948,1754494948,2026-06-05,2026-06-05 11:10:31+08:00
515210,钢铁ETF国泰,1.278,1.279,0.08,0.016,1.27,284913.0,36141296.0,1.26,1.281,1.26,1.262,1.66,2.37,1.26,24.72,164983.0,119930.0,-101776.0,-0.28,6048206.0,16.73,-6149982.0,-17.02,996546.0,2.76,-894769.0,-2.48,-1.0,1.279,1.281,1200226096.0,1533888951,1533888951,2026-06-05,2026-06-05 11:10:32+08:00
561370,中证2000ETF国泰,1.539,1.5404,0.09,0.019,1.25,4772.0,720044.0,1.511,1.539,1.504,1.52,2.3,2.13,1.31,-14.03,2468.0,2304.0,-20979.0,-2.91,0.0,0.0,-20979.0,-2.91,0.0,0.0,20979.0,2.91,50.0,1.537,1.539,22356000.0,34405884,34405884,2026-06-05,2026-06-05 11:10:25+08:00
512010,医药ETF易方达,0.329,0.3287,-0.09,0.004,1.23,12748901.0,421754070.0,0.327,0.334,0.327,0.325,2.15,2.62,1.65,7.31,7926299.0,4822603.0,17583466.0,4.17,54756074.0,12.98,-37172608.0,-8.81,-14251294.0,-3.38,-3332177.0,-0.79,10.0,0.328,0.329,48633694976.0,16000485647,16000485647,2026-06-05,2026-06-05 11:10:36+08:00
159572,创业板200ETF易方达,1.588,1.5896,0.1,0.019,1.21,99054.0,15555673.4,1.565,1.593,1.542,1.569,3.25,5.17,1.69,-2.33,46199.0,52855.0,1133099.0,7.28,1917424.0,12.33,-784325.0,-5.04,-967770.0,-6.22,-165330.0,-1.06,-35.0,1.588,1.59,191749107.0,304497582,304497582,2026-06-05,2026-06-05 11:10:45+08:00
516210,银行ETF华安,1.333,1.3324,-0.05,0.016,1.21,57024.0,7593886.0,1.342,1.342,1.315,1.317,2.05,6.18,1.18,-3.12,22007.0,35017.0,108744.0,1.43,-798000.0,-10.51,906744.0,11.94,178553.0,2.35,-287296.0,-3.78,95.0,1.331,1.333,92231000.0,122943923,122943923,2026-06-05,2026-06-05 11:10:29+08:00
159553,中证2000增强ETF海富通,2.022,2.0335,0.57,0.024,1.2,10010.0,2000488.2,1.99,2.022,1.978,1.998,2.2,4.29,1.03,-0.57,5039.0,4971.0,-258464.0,-12.92,-184527.0,-9.22,-73937.0,-3.7,491554.0,24.57,-233088.0,-11.65,253.0,2.022,2.026,23326751.0,47166691,47166691,2026-06-05,2026-06-05 11:10:45+08:00
159916,基本面ETF建信,5.259,5.2598,0.02,0.062,1.19,21537.0,11332124.8,5.197,5.264,5.197,5.197,1.29,4.53,6.72,-3.24,20609.0,928.0,441396.0,3.9,3681.0,0.03,437715.0,3.86,-423380.0,-3.74,-18017.0,-0.16,-1.0,5.248,5.263,47566039.0,250149799,250149799,2026-06-05,2026-06-05 11:10:39+08:00
159766,旅游ETF富国,0.593,0.5934,0.07,0.007,1.19,3505587.0,208869222.786,0.588,0.604,0.588,0.586,2.73,5.97,2.31,48.32,1606331.0,1899256.0,13108676.0,6.28,47298020.0,22.65,-34189344.0,-16.37,-7934491.0,-3.8,-5174184.0,-2.48,259.0,0.593,0.594,5868141056.0,3479807646,3479807646,2026-06-05,2026-06-05 11:10:42+08:00
159838,医药50ETF博时,0.517,0.5164,-0.12,0.006,1.17,21963.0,1137952.8,0.512,0.522,0.512,0.511,1.96,0.75,1.2,-3.34,15153.0,6810.0,-266667.0,-23.43,0.0,0.0,-266667.0,-23.43,268017.0,23.55,-1350.0,-0.12,1957.0,0.517,0.518,293763456.0,151875707,151875707,2026-06-05,2026-06-05 11:10:30+08:00
159667,工业母机ETF国泰,2.423,2.4225,-0.02,0.028,1.17,710733.0,169422550.8,2.375,2.429,2.357,2.395,3.01,7.89,1.15,-16.14,368877.0,341856.0,50595662.0,29.87,37606392.0,22.2,12989270.0,7.67,-26123837.0,-15.42,-24471825.0,-14.45,-248.0,2.422,2.423,901016912.0,2183163978,2183163978,2026-06-05,2026-06-05 11:10:42+08:00
159556,中证2000增强ETF平安,1.305,1.3076,0.2,0.015,1.16,11483.0,1478298.5,1.285,1.305,1.28,1.29,1.94,7.38,3.31,4.97,4265.0,7218.0,-32623.0,-2.21,0.0,0.0,-32623.0,-2.21,62327.0,4.22,-29703.0,-2.01,73.0,1.306,1.307,15556089.0,20300696,20300696,2026-06-05,2026-06-05 11:10:45+08:00
159505,国证2000ETF博时,1.745,1.7534,0.48,0.02,1.16,20111.0,3480820.2,1.73,1.752,1.719,1.725,1.91,13.31,1.57,-10.92,10087.0,10024.0,197380.0,5.67,0.0,0.0,197380.0,5.67,-109747.0,-3.15,-87634.0,-2.52,-10.0,1.748,1.75,15104786.0,26357852,26357852,2026-06-05,2026-06-05 11:10:48+08:00
159760,医疗健康ETF泰康,0.522,0.522,0.0,0.006,1.16,11145.0,584199.94,0.519,0.528,0.519,0.516,1.74,0.77,0.87,3.49,3504.0,7641.0,273736.0,46.86,0.0,0.0,273736.0,46.86,-255168.0,-43.68,-18568.0,-3.18,154.0,0.52,0.522,144360223.0,75356036,75356036,2026-06-05,2026-06-05 11:10:36+08:00
159180,软件ETF银华,1.141,1.1431,0.18,0.013,1.15,77891.0,8801889.9,1.13,1.146,1.115,1.128,2.75,19.89,2.09,-13.43,42776.0,35115.0,878045.0,9.98,1374945.0,15.62,-496900.0,-5.65,-864696.0,-9.82,-13349.0,-0.15,1049.0,1.143,1.144,39155926.0,44676912,44676912,2026-06-05,2026-06-05 11:10:51+08:00
560690,电信ETF鹏华,2.454,2.453,-0.04,0.028,1.15,9768.0,2390948.0,2.426,2.48,2.402,2.426,3.22,5.39,2.62,-6.3,4996.0,4772.0,207371.0,8.67,-25570.0,-1.07,232941.0,9.74,-93718.0,-3.92,-113652.0,-4.75,-386.0,2.453,2.455,18139000.0,44513106,44513106,2026-06-05,2026-06-05 11:10:26+08:00
159666,交通运输ETF华夏,0.977,0.9774,0.04,0.011,1.14,58535.0,5702164.1,0.967,0.978,0.967,0.966,1.14,5.14,0.63,3.72,30624.0,27911.0,-23565.0,-0.41,0.0,0.0,-23565.0,-0.41,4987.0,0.09,18577.0,0.33,6.0,0.976,0.977,113832905.0,111214748,111214748,2026-06-05,2026-06-05 11:10:42+08:00
159623,成渝经济圈ETF博时,1.064,1.0651,0.1,0.012,1.14,53859.0,5718877.2,1.05,1.068,1.05,1.052,1.71,0.18,0.89,29.25,23485.0,30374.0,104521.0,1.83,-709604.0,-12.41,814125.0,14.24,-66280.0,-1.16,-38241.0,-0.67,-1.0,1.063,1.064,3069271696.0,3265705085,3265705085,2026-06-05,2026-06-05 11:10:45+08:00
159573,创业板200ETF华夏,1.595,1.5971,0.13,0.018,1.14,105061.0,16522715.9,1.576,1.599,1.55,1.577,3.11,12.59,1.42,12.37,50537.0,54524.0,-270071.0,-1.63,0.0,0.0,-270071.0,-1.63,494474.0,2.99,-224402.0,-1.36,-23.0,1.595,1.596,83456297.0,133112794,133112794,2026-06-05,2026-06-05 11:10:45+08:00
159536,中证2000ETF汇添富,1.527,1.5296,0.17,0.017,1.13,78525.0,11803639.6,1.502,1.527,1.487,1.51,2.65,19.03,1.54,-0.95,26936.0,51589.0,-1229582.0,-10.42,1221566.0,10.35,-2451148.0,-20.77,1413354.0,11.97,-183772.0,-1.56,1.0,1.527,1.528,41261589.0,63006446,63006446,2026-06-05,2026-06-05 11:10:45+08:00
159532,中证2000ETF易方达,1.787,1.7893,0.13,0.02,1.13,169690.0,29879970.0,1.767,1.787,1.745,1.767,2.38,14.68,1.89,-14.56,88251.0,81439.0,1296327.0,4.34,-126445.0,-0.42,1422772.0,4.76,-1295051.0,-4.33,-1275.0,0.0,20.0,1.786,1.787,115564791.0,206514282,206514282,2026-06-05,2026-06-05 11:10:45+08:00
589200,科创200ETF工银,1.541,1.5437,0.17,0.017,1.12,36128.0,5516512.0,1.501,1.544,1.495,1.524,3.22,12.67,1.85,43.7,16534.0,19594.0,-784568.0,-14.22,150080.0,2.72,-934648.0,-16.94,885856.0,16.06,-101288.0,-1.84,210.0,1.54,1.542,28507000.0,43929287,43929287,2026-06-05,2026-06-05 11:10:20+08:00
159786,VRETF银华,1.362,1.3622,0.01,0.015,1.11,126920.0,16917321.7,1.328,1.364,1.313,1.347,3.79,14.98,1.47,65.56,53127.0,73793.0,464698.0,2.75,1013863.0,5.99,-549165.0,-3.25,109255.0,0.65,-573953.0,-3.39,75.0,1.362,1.363,84701174.0,115362999,115362999,2026-06-05,2026-06-05 11:10:39+08:00
562380,央企科技ETF银华,1.365,1.3615,-0.26,0.015,1.11,17591.0,2377360.0,1.351,1.37,1.33,1.35,2.96,2.44,1.63,52.5,8657.0,8934.0,-51940.0,-2.18,77860.0,3.28,-129800.0,-5.46,61947.0,2.61,-10007.0,-0.42,-60.0,1.362,1.367,72128900.0,98455949,98455949,2026-06-05,2026-06-05 11:10:24+08:00
560220,中证2000ETF广发,1.555,1.5593,0.28,0.017,1.11,20673.0,3177577.0,1.523,1.555,1.521,1.538,2.21,4.52,1.15,-0.66,8873.0,11800.0,712051.0,22.41,0.0,0.0,712051.0,22.41,-599280.0,-18.86,-112771.0,-3.55,17.0,1.554,1.555,45717000.0,71089935,71089935,2026-06-05,2026-06-05 11:10:25+08:00
159531,中证2000ETF南方,1.551,1.5523,0.08,0.017,1.11,599822.0,91904427.34,1.531,1.553,1.516,1.534,2.41,10.4,1.25,-20.16,334083.0,265739.0,2178381.0,2.37,9551530.0,10.39,-7373149.0,-8.02,-961512.0,-1.05,-1216869.0,-1.32,-6.0,1.551,1.552,576608400.0,894319628,894319628,2026-06-05,2026-06-05 11:10:45+08:00
159728,在线消费ETF南方,0.829,0.8278,-0.14,0.009,1.1,64963.0,5334136.4,0.82,0.83,0.814,0.82,1.95,15.14,2.39,6.91,37369.0,27594.0,-463616.0,-8.71,0.0,0.0,-463616.0,-8.71,343508.0,6.45,120108.0,2.26,100.0,0.828,0.829,42910129.0,35572497,35572497,2026-06-05,2026-06-05 11:10:42+08:00
588230,科创200ETF华泰柏瑞,2.015,2.0176,0.13,0.022,1.1,404664.0,80375874.0,1.969,2.019,1.959,1.993,3.01,7.37,0.92,49.21,257179.0,147485.0,3808662.0,4.74,-109114.0,-0.14,3917776.0,4.87,-1616866.0,-2.01,-2191795.0,-2.73,89.0,2.015,2.016,548939008.0,1106112101,1106112101,2026-06-05,2026-06-05 11:10:19+08:00
159253,银行ETF博时,0.931,0.9318,0.09,0.01,1.09,12530.0,1166780.627,0.921,0.935,0.921,0.921,1.52,0.18,0.53,5.37,5606.0,6924.0,107000.0,9.17,336977.0,28.88,-229977.0,-19.71,-25541.0,-2.19,-81458.0,-6.98,-1.0,0.931,0.932,683904976.0,636715533,636715533,2026-06-05,2026-06-05 11:10:48+08:00
512730,银行ETF鹏华,1.604,1.6032,-0.05,0.017,1.07,50550.0,8102933.0,1.594,1.61,1.594,1.587,1.01,6.92,1.87,4.81,11789.0,38761.0,-270463.0,-3.34,1128829.0,13.93,-1399292.0,-17.27,554840.0,6.85,-284377.0,-3.51,4.0,1.602,1.603,73083900.0,117226576,117226576,2026-06-05,2026-06-05 11:10:36+08:00
159228,红利低波ETF长城,1.036,1.0328,-0.31,0.011,1.07,2723.0,281978.3,1.031,1.037,1.031,1.025,0.59,0.21,0.75,64.7,1937.0,786.0,27603.0,9.79,229139.0,81.26,-201536.0,-71.47,-14002.0,-4.97,-13600.0,-4.82,4.0,1.032,1.034,132212692.0,136972349,136972349,2026-06-05,2026-06-05 11:10:45+08:00
159635,基建ETF华夏,1.036,1.0376,0.15,0.011,1.07,230598.0,23856552.4,1.026,1.039,1.026,1.025,1.27,16.85,1.55,1.75,110599.0,119999.0,111422.0,0.47,866281.0,3.63,-754859.0,-3.16,-89678.0,-0.38,-21743.0,-0.09,908.0,1.036,1.037,136846980.0,141773471,141773471,2026-06-05,2026-06-05 11:10:45+08:00
589220,科创200ETF国泰,1.135,1.1358,0.07,0.012,1.07,269091.0,30199366.0,1.123,1.137,1.103,1.123,3.03,6.43,1.81,-24.37,148449.0,120642.0,696578.0,2.31,24724.0,0.08,671854.0,2.22,-611055.0,-2.02,-85522.0,-0.28,-200.0,1.135,1.137,418495808.0,474992742,474992742,2026-06-05,2026-06-05 11:10:18+08:00
560170,央企科技ETF南方,1.331,1.3295,-0.11,0.014,1.06,239021.0,31288105.0,1.3,1.335,1.295,1.317,3.04,8.58,1.31,38.07,105524.0,133497.0,3210113.0,10.26,513997.0,1.64,2696116.0,8.62,-933422.0,-2.98,-2276691.0,-7.28,914.0,1.33,1.332,278495504.0,370677516,370677516,2026-06-05,2026-06-05 11:10:27+08:00
159510,沪深300价值ETF华夏,1.252,1.2545,0.2,0.013,1.05,27692.0,3459817.0,1.238,1.253,1.238,1.239,1.21,4.61,2.37,1.56,12432.0,15260.0,283339.0,8.19,0.0,0.0,283339.0,8.19,-206501.0,-5.97,-76838.0,-2.22,-8.0,1.252,1.253,60128342.0,75280684,75280684,2026-06-05,2026-06-05 11:10:45+08:00
159647,中药ETF鹏华,0.87,0.8705,0.06,0.009,1.05,153357.0,13349507.3,0.862,0.875,0.862,0.861,1.51,0.97,1.19,52.74,118279.0,35078.0,-856202.0,-6.41,-2661045.0,-19.93,1804843.0,13.52,1082710.0,8.11,-226508.0,-1.7,-409.0,0.869,0.87,1579961760.0,1374566731,1374566731,2026-06-05,2026-06-05 11:10:45+08:00
589330,科创200ETF东财,0.97,0.9742,0.43,0.01,1.04,33604.0,3235612.0,0.96,0.974,0.945,0.96,3.02,1.59,0.63,30.35,24384.0,9220.0,175202.0,5.41,171761.0,5.31,3441.0,0.11,-179566.0,-5.55,4365.0,0.13,100.0,0.971,0.973,210902000.0,204574940,204574940,2026-06-05,2026-06-05 11:10:19+08:00
588240,科创200ETF鹏华,1.85,1.8497,-0.02,0.019,1.04,200447.0,36541522.0,1.845,1.853,1.798,1.831,3.0,18.12,1.43,-2.76,101653.0,98794.0,614415.0,1.68,-1055642.0,-2.89,1670057.0,4.57,-398743.0,-1.09,-215671.0,-0.59,1000.0,1.849,1.851,110633000.0,204671050,204671050,2026-06-05,2026-06-05 11:10:20+08:00
159108,工业软件ETF博时,1.069,1.0703,0.12,0.011,1.04,59759.0,6354549.466,1.058,1.072,1.043,1.058,2.74,4.4,0.96,60.81,49506.0,10253.0,289413.0,4.55,186749.0,2.94,102664.0,1.62,-155408.0,-2.45,-134006.0,-2.11,24.0,1.069,1.071,135738511.0,145104468,145104468,2026-06-05,2026-06-05 11:10:51+08:00
510650,金融地产ETF华夏,2.724,2.7229,-0.04,0.028,1.04,938.0,256092.0,2.715,2.741,2.715,2.696,0.96,0.9,0.76,8.3,630.0,308.0,-94442.0,-36.88,0.0,0.0,-94442.0,-36.88,136400.0,53.26,-41957.0,-16.38,-1.0,2.722,2.724,10452500.0,28472610,28472610,2026-06-05,2026-06-05 11:10:38+08:00
159685,1000增强ETF天弘,1.558,1.561,0.19,0.016,1.04,15772.0,2418751.4,1.527,1.56,1.524,1.542,2.33,10.21,1.44,12.1,5741.0,10031.0,180360.0,7.46,0.0,0.0,180360.0,7.46,-149393.0,-6.18,-30967.0,-1.28,107.0,1.559,1.56,15440067.0,24055624,24055624,2026-06-05,2026-06-05 11:10:24+08:00
512800,银行ETF华宝,0.782,0.782,0.0,0.008,1.03,4499158.0,351697900.0,0.775,0.786,0.774,0.774,1.55,3.36,1.13,5.02,2370511.0,2128647.0,26935938.0,7.66,33117576.0,9.42,-6181638.0,-1.76,-19159570.0,-5.45,-7776368.0,-2.21,619.0,0.781,0.782,13370679808.0,10455871610,10455871610,2026-06-05,2026-06-05 11:10:35+08:00
588820,科创200ETF华夏,2.155,2.156,0.05,0.022,1.03,118218.0,24930394.0,2.115,2.159,2.096,2.133,2.95,7.51,1.72,44.69,62355.0,55863.0,727136.0,2.92,40300.0,0.16,686836.0,2.76,-445804.0,-1.79,-281334.0,-1.13,16.0,2.154,2.156,157400000.0,339197000,339197000,2026-06-05,2026-06-05 11:10:20+08:00
562050,药ETF华宝,0.879,0.8784,-0.07,0.009,1.03,43022.0,3801888.0,0.873,0.889,0.873,0.87,1.84,3.97,0.82,1.19,13933.0,29089.0,411719.0,10.83,636538.0,16.74,-224819.0,-5.91,-190716.0,-5.02,-221003.0,-5.81,-10.0,0.878,0.879,108468000.0,95343372,95343372,2026-06-05,2026-06-05 11:10:26+08:00
159619,基建ETF国泰,0.98,0.9815,0.15,0.01,1.03,21010.0,2056754.9,0.972,0.982,0.972,0.97,1.03,2.39,1.04,21.58,6358.0,14652.0,-274204.0,-13.33,151113.0,7.35,-425317.0,-20.68,296180.0,14.4,-21976.0,-1.07,7.0,0.979,0.981,87981007.0,86221387,86221387,2026-06-05,2026-06-05 11:10:45+08:00
516150,稀土ETF嘉实,1.989,1.9899,0.05,0.02,1.02,806871.0,158502227.0,1.956,1.99,1.939,1.969,2.59,1.95,1.47,46.38,342401.0,464470.0,44792.0,0.03,-15804993.0,-9.98,15849785.0,10.01,3663836.0,2.31,-3708430.0,-2.34,-509.0,1.988,1.99,4130077008.0,8214723169,8214723169,2026-06-05,2026-06-05 11:10:30+08:00
512660,军工ETF国泰,1.291,1.2919,0.07,0.013,1.02,1603077.0,205163541.0,1.279,1.295,1.262,1.278,2.58,2.71,1.17,22.81,865223.0,737854.0,8958494.0,4.37,18980261.0,9.25,-10021767.0,-4.88,-4840027.0,-2.36,-4118467.0,-2.01,158.0,1.29,1.291,5909080064.0,7628622363,7628622363,2026-06-05,2026-06-05 11:10:35+08:00
512560,军工ETF易方达,0.803,0.8037,0.09,0.008,1.01,458098.0,36538042.0,0.8,0.807,0.786,0.795,2.64,6.1,1.4,15.3,247711.0,210387.0,-82080.0,-0.22,2743586.0,7.51,-2825666.0,-7.73,110477.0,0.3,-28397.0,-0.08,-82.0,0.803,0.804,751127008.0,603154987,603154987,2026-06-05,2026-06-05 11:10:35+08:00
159663,机床ETF华夏,2.405,2.4077,0.11,0.024,1.01,370136.0,87648578.6,2.366,2.411,2.344,2.381,2.81,17.02,1.43,-1.06,196949.0,173187.0,11773673.0,13.43,9765827.0,11.14,2007846.0,2.29,-4741602.0,-5.41,-7032070.0,-8.02,-64.0,2.404,2.405,217517585.0,523129792,523129792,2026-06-05,2026-06-05 11:10:42+08:00
560130,食品ETF鹏华,0.896,0.8966,0.07,0.009,1.01,2038.0,181576.0,0.893,0.896,0.889,0.887,0.79,0.27,1.01,-0.49,576.0,1462.0,-21611.0,-11.9,0.0,0.0,-21611.0,-11.9,19001.0,10.46,2611.0,1.44,70.0,0.894,0.895,75776200.0,67895475,67895475,2026-06-05,2026-06-05 11:10:25+08:00
512680,军工ETF广发,1.319,1.3198,0.06,0.013,1.0,416621.0,54292427.0,1.305,1.324,1.29,1.306,2.6,1.25,1.81,31.14,197884.0,218737.0,1546407.0,2.85,5843262.0,10.76,-4296855.0,-7.91,-1137221.0,-2.09,-409186.0,-0.75,30.0,1.318,1.319,3320130096.0,4379251597,4379251597,2026-06-05,2026-06-05 11:10:36+08:00
512120,医药ETF华安,0.404,0.4035,-0.12,0.004,1.0,197921.0,8036635.0,0.4,0.41,0.4,0.4,2.5,2.41,1.72,0.61,97401.0,100520.0,222756.0,2.77,349742.0,4.35,-126986.0,-1.58,-134363.0,-1.67,-88391.0,-1.1,10.0,0.403,0.404,822241904.0,332185729,332185729,2026-06-05,2026-06-05 11:10:35+08:00
562860,疫苗ETF嘉实,0.605,0.6054,0.07,0.006,1.0,27681.0,1670618.0,0.602,0.607,0.6,0.599,1.17,0.82,0.62,-0.49,15254.0,12427.0,125912.0,7.54,12004.0,0.72,113908.0,6.82,-106066.0,-6.35,-19846.0,-1.19,16.0,0.605,0.606,338895008.0,205031480,205031480,2026-06-05,2026-06-05 11:10:26+08:00
159608,稀有金属ETF广发,1.224,1.225,0.08,0.012,0.99,687299.0,83268463.8,1.201,1.229,1.194,1.212,2.89,1.94,1.3,13.39,371535.0,315764.0,14078885.0,16.91,13184967.0,15.83,893918.0,1.07,-7293665.0,-8.76,-6785221.0,-8.15,-1.0,1.224,1.225,3547210064.0,4341785118,4341785118,2026-06-05,2026-06-05 11:10:45+08:00
159933,金融地产ETF国投瑞银,2.751,2.7461,-0.18,0.027,0.99,55.0,15179.2,2.743,2.763,2.743,2.724,0.73,0.01,0.2,-10.88,47.0,8.0,0.0,0.0,0.0,0.0,0.0,0.0,-9679.0,-63.76,9679.0,63.76,3.0,2.742,2.748,37378943.0,102829472,102829472,2026-06-05,2026-06-05 11:10:30+08:00
159725,线上消费ETF工银,0.813,0.8133,0.04,0.008,0.99,45647.0,3686333.2,0.81,0.815,0.802,0.805,1.61,3.08,0.83,8.0,20852.0,24795.0,712047.0,19.32,-626108.0,-16.98,1338155.0,36.3,-322669.0,-8.75,-389377.0,-10.56,-43.0,0.812,0.813,148424924.0,120669463,120669463,2026-06-05,2026-06-05 11:10:42+08:00
560080,中药ETF汇添富,0.937,0.9368,-0.02,0.009,0.97,216525.0,20284403.0,0.929,0.942,0.929,0.928,1.4,0.8,0.92,-1.91,106231.0,110294.0,2825857.0,13.93,2528988.0,12.47,296869.0,1.46,-1705506.0,-8.41,-1120352.0,-5.52,25.0,0.936,0.937,2698765008.0,2528742812,2528742812,2026-06-05,2026-06-05 11:10:26+08:00
159974,央企创新ETF富国,1.88,1.8774,-0.14,0.018,0.97,41.0,7659.1,1.863,1.88,1.863,1.862,0.91,0.01,0.01,73.65,11.0,30.0,3730.0,48.7,3730.0,48.7,0.0,0.0,3554.0,46.4,-7284.0,-95.1,7.0,1.875,1.879,40432422.0,76012953,76012953,2026-06-05,2026-06-05 11:10:33+08:00
563200,中证2000ETF富国,1.668,1.6696,0.1,0.016,0.97,31759.0,5238129.0,1.652,1.669,1.629,1.652,2.42,11.57,1.39,9.0,14599.0,17160.0,331998.0,6.34,0.0,0.0,331998.0,6.34,21349.0,0.41,-353348.0,-6.75,-100.0,1.668,1.669,27458800.0,45801278,45801278,2026-06-05,2026-06-05 11:10:19+08:00
515950,医药50ETF富国,0.834,0.8334,-0.07,0.008,0.97,48902.0,4095097.0,0.83,0.843,0.83,0.826,1.57,0.81,1.04,-0.54,18864.0,30038.0,626025.0,15.29,-453659.0,-11.08,1079684.0,26.37,-367040.0,-8.96,-258985.0,-6.32,536.0,0.834,0.835,606200608.0,505571307,505571307,2026-06-05,2026-06-05 11:10:26+08:00
512820,银行ETF汇添富,1.371,1.3711,0.01,0.013,0.96,313081.0,42938439.0,1.36,1.378,1.355,1.358,1.69,6.44,1.0,-11.08,169385.0,143696.0,5445876.0,12.68,-1822085.0,-4.24,7267961.0,16.93,-3735706.0,-8.7,-1710171.0,-3.98,13.0,1.37,1.371,486101904.0,666445710,666445710,2026-06-05,2026-06-05 11:10:35+08:00
517900,银行AH优选ETF招商,1.467,1.4686,0.11,0.014,0.96,115485.0,16959175.0,1.455,1.472,1.455,1.453,1.17,2.27,1.14,-22.02,82498.0,32987.0,-6157636.0,-36.31,960296.0,5.66,-7117932.0,-41.97,6291867.0,37.1,-134231.0,-0.79,-139.0,1.467,1.468,508993504.0,746693470,746693470,2026-06-05,2026-06-05 11:10:29+08:00
515960,医药ETF嘉实,0.744,0.7437,-0.04,0.007,0.95,114916.0,8564354.0,0.736,0.75,0.736,0.737,1.9,4.4,2.91,1.76,58279.0,56637.0,-906203.0,-10.58,451814.0,5.28,-1358017.0,-15.86,768744.0,8.98,137458.0,1.61,3.0,0.743,0.744,260991900.0,194177974,194177974,2026-06-05,2026-06-05 11:10:26+08:00
589820,科创200ETF建信,1.403,1.4068,0.27,0.013,0.94,33955.0,4676975.0,1.39,1.405,1.365,1.39,2.88,2.45,1.22,-1.99,20273.0,13682.0,153930.0,3.29,0.0,0.0,153930.0,3.29,167250.0,3.58,-321180.0,-6.87,1.0,1.402,1.404,138720200.0,194624441,194624441,2026-06-05,2026-06-05 11:10:19+08:00
515290,银行ETF天弘,1.402,1.4029,0.06,0.013,0.94,403310.0,56568745.0,1.39,1.41,1.39,1.389,1.44,1.32,2.56,-43.42,223988.0,179322.0,913764.0,1.62,-8438878.0,-14.92,9352642.0,16.53,-437415.0,-0.77,-476349.0,-0.84,-131.0,1.401,1.402,3064072896.0,4295830200,4295830200,2026-06-05,2026-06-05 11:10:30+08:00
516310,银行ETF易方达,1.293,1.2934,0.03,0.012,0.94,535363.0,69201399.0,1.282,1.299,1.282,1.281,1.33,3.26,1.3,-5.61,306605.0,228758.0,7809336.0,11.28,1947737.0,2.81,5861599.0,8.47,-5503425.0,-7.95,-2305911.0,-3.33,3.0,1.292,1.293,1640658496.0,2121371435,2121371435,2026-06-05,2026-06-05 11:10:30+08:00
512670,国防ETF鹏华,0.864,0.8652,0.14,0.008,0.93,859077.0,73570879.0,0.853,0.868,0.845,0.856,2.69,3.76,1.25,61.68,405138.0,453939.0,2155439.0,2.93,-799382.0,-1.09,2954821.0,4.02,-1916222.0,-2.6,-239219.0,-0.33,-5.0,0.864,0.865,2282652608.0,1972211853,1972211853,2026-06-05,2026-06-05 11:10:36+08:00
561280,中证1000增强ETF工银,1.741,1.7462,0.3,0.016,0.93,21598.0,3719123.0,1.71,1.745,1.704,1.725,2.38,2.74,0.9,1.47,14194.0,7404.0,18693.0,0.5,0.0,0.0,18693.0,0.5,19882.0,0.53,-38574.0,-1.04,42.0,1.743,1.744,78847700.0,137273846,137273846,2026-06-05,2026-06-05 11:10:25+08:00
516930,生物科技ETF民生加银,0.434,0.4336,-0.09,0.004,0.93,7317.0,318716.0,0.433,0.439,0.433,0.43,1.4,0.64,1.98,-0.08,2541.0,4776.0,-2607.0,-0.82,-69171.0,-21.7,66564.0,20.89,4185.0,1.31,-1577.0,-0.49,-70.0,0.433,0.434,113639600.0,49319586,49319586,2026-06-05,2026-06-05 11:10:29+08:00
563620,全指现金流ETF兴业,1.112,1.1126,0.05,0.01,0.91,7006.0,777437.0,1.107,1.112,1.104,1.102,0.73,1.13,0.48,6.67,326.0,6680.0,-621329.0,-79.92,0.0,0.0,-621329.0,-79.92,12995.0,1.67,608335.0,78.25,-269.0,1.112,1.113,62049000.0,68998488,68998488,2026-06-05,2026-06-05 11:10:21+08:00
515020,银行ETF华夏,1.668,1.6686,0.04,0.015,0.91,449344.0,75012083.0,1.656,1.676,1.646,1.653,1.81,10.91,1.46,2.21,180960.0,268384.0,2441160.0,3.25,-304216.0,-0.41,2745376.0,3.66,-1496941.0,-2.0,-944219.0,-1.26,-429.0,1.668,1.669,411845296.0,686957954,686957954,2026-06-05,2026-06-05 11:10:31+08:00
512980,传媒ETF广发,0.883,0.8826,-0.05,0.008,0.91,1013745.0,89037423.0,0.877,0.889,0.873,0.875,1.83,1.97,0.82,30.6,529789.0,483956.0,995145.0,1.12,5960937.0,6.69,-4965792.0,-5.58,-484988.0,-0.54,-510156.0,-0.57,200.0,0.882,0.883,5150924288.0,4548266146,4548266146,2026-06-05,2026-06-05 11:10:34+08:00
512700,银行ETF南方,1.438,1.4389,0.06,0.013,0.91,477602.0,68751599.0,1.425,1.445,1.425,1.425,1.4,6.92,1.71,-11.75,278346.0,199256.0,3043061.0,4.43,1421523.0,2.07,1621538.0,2.36,-2044644.0,-2.97,-998417.0,-1.45,-2144.0,1.438,1.439,690581008.0,993055490,993055490,2026-06-05,2026-06-05 11:10:35+08:00
159229,自由现金流ETF广发,1.222,1.2215,-0.04,0.011,0.91,92003.0,11210505.6,1.212,1.223,1.212,1.211,0.91,6.41,2.19,-5.7,41354.0,50649.0,-1583146.0,-14.12,-119633.0,-1.07,-1463513.0,-13.05,-184137.0,-1.64,1767285.0,15.76,91.0,1.221,1.222,143556022.0,175425459,175425459,2026-06-05,2026-06-05 11:10:48+08:00
159616,农牧ETF建信,0.783,0.7841,0.14,0.007,0.9,35936.0,2796375.3,0.778,0.784,0.775,0.776,1.16,5.09,0.55,-2.54,15182.0,20754.0,533597.0,19.08,0.0,0.0,533597.0,19.08,-469160.0,-16.78,-64437.0,-2.3,600.0,0.783,0.784,70561112.0,55249351,55249351,2026-06-05,2026-06-05 11:10:45+08:00
561780,1000增强ETF博时,1.677,1.6745,-0.15,0.015,0.9,2874.0,479701.0,1.645,1.677,1.645,1.662,1.93,1.87,0.59,-30.48,362.0,2512.0,30261.0,6.31,0.0,0.0,30261.0,6.31,-55777.0,-11.63,25517.0,5.32,12.0,1.672,1.674,15355800.0,25751677,25751677,2026-06-05,2026-06-05 11:10:25+08:00
159569,港股红利低波ETF景顺,1.468,1.4595,-0.58,0.013,0.89,333771.0,48857300.9,1.465,1.468,1.453,1.455,1.03,9.9,1.24,-6.82,180270.0,153501.0,42036.0,0.09,731961.0,1.5,-689925.0,-1.41,-1016384.0,-2.08,974349.0,1.99,3.0,1.467,1.468,337147248.0,494932160,494932160,2026-06-05,2026-06-05 11:10:45+08:00
563990,800现金流ETF富国,1.268,1.2676,-0.03,0.011,0.88,49931.0,6307624.0,1.254,1.269,1.254,1.257,1.19,1.04,1.07,6.81,22813.0,27118.0,-1195814.0,-18.96,250926.0,3.98,-1446740.0,-22.94,-918293.0,-14.56,2114106.0,33.52,39.0,1.267,1.268,479573008.0,608098574,608098574,2026-06-05,2026-06-05 11:10:21+08:00
562530,中证1000价值ETF华夏,1.266,1.2677,0.13,0.011,0.88,24892.0,3129943.0,1.246,1.267,1.246,1.255,1.67,6.53,1.49,-7.68,13401.0,11491.0,42734.0,1.37,0.0,0.0,42734.0,1.37,-32185.0,-1.03,-10548.0,-0.34,-1.0,1.266,1.267,38144000.0,48290304,48290304,2026-06-05,2026-06-05 11:10:24+08:00
561800,稀有金属ETF华富,1.147,1.148,0.09,0.01,0.88,249882.0,28264312.0,1.128,1.151,1.119,1.137,2.81,11.3,2.13,10.09,140459.0,109423.0,4847967.0,17.15,2053436.0,7.27,2794531.0,9.89,-1319898.0,-4.67,-3528069.0,-12.48,47.0,1.146,1.148,221077200.0,253575548,253575548,2026-06-05,2026-06-05 11:10:24+08:00
561510,中药ETF华泰柏瑞,0.912,0.9128,0.09,0.008,0.88,1707.0,155968.0,0.906,0.917,0.906,0.904,1.22,0.26,0.33,1.02,940.0,767.0,35914.0,23.03,-1002.0,-0.64,36916.0,23.67,3640.0,2.33,-39554.0,-25.36,14.0,0.912,0.913,65206000.0,59467872,59467872,2026-06-05,2026-06-05 11:10:25+08:00
159938,医药ETF广发,0.577,0.5767,-0.05,0.005,0.87,342209.0,19814994.378,0.575,0.583,0.574,0.572,1.57,0.46,1.17,62.04,153227.0,188982.0,436988.0,2.21,1294136.0,6.53,-857148.0,-4.33,-551600.0,-2.78,114612.0,0.58,1830.0,0.576,0.577,7384567296.0,4260895330,4260895330,2026-06-05,2026-06-05 11:10:30+08:00
159858,创新药ETF南方,0.583,0.5821,-0.15,0.005,0.87,199869.0,11717028.6,0.583,0.591,0.581,0.578,1.73,2.56,2.26,-0.17,99799.0,100070.0,859718.0,7.34,1940310.0,16.56,-1080592.0,-9.22,-771361.0,-6.58,-88357.0,-0.75,50.0,0.582,0.583,780098320.0,454797321,454797321,2026-06-05,2026-06-05 11:10:30+08:00
159887,银行ETF富国,1.274,1.2754,0.11,0.011,0.87,396053.0,50504308.0,1.262,1.281,1.262,1.263,1.5,4.93,1.29,-0.63,198500.0,197553.0,7701852.0,15.25,4873974.0,9.65,2827878.0,5.6,-5182082.0,-10.26,-2519770.0,-4.99,-80.0,1.274,1.275,803715952.0,1023934123,1023934123,2026-06-05,2026-06-05 11:10:36+08:00
515600,央企创新ETF广发,1.742,1.7407,-0.07,0.015,0.87,14155.0,2459014.0,1.726,1.743,1.726,1.727,0.98,0.14,1.0,-2.68,7316.0,6839.0,40619.0,1.65,290282.0,11.8,-249663.0,-10.15,13110.0,0.53,-53730.0,-2.19,-246.0,1.74,1.741,1041797408.0,1814811085,1814811085,2026-06-05,2026-06-05 11:10:32+08:00
516190,传媒ETF华夏,1.046,1.0496,0.34,0.009,0.87,140355.0,14663192.0,1.049,1.051,1.04,1.037,1.06,11.16,1.23,18.87,76398.0,63957.0,722042.0,4.92,942814.0,6.43,-220772.0,-1.51,-480675.0,-3.28,-241367.0,-1.65,30.0,1.048,1.049,125818500.0,131606151,131606151,2026-06-05,2026-06-05 11:10:30+08:00
159944,材料ETF广发,1.529,1.5315,0.16,0.013,0.86,28906.0,4384629.3,1.506,1.532,1.496,1.516,2.37,7.3,0.96,34.56,20592.0,8314.0,2293973.0,52.32,717801.0,16.37,1576172.0,35.95,-206431.0,-4.71,-2087542.0,-47.61,-16.0,1.529,1.531,39608342.0,60561155,60561155,2026-06-05,2026-06-05 11:10:39+08:00
588270,科创200ETF易方达,1.88,1.8828,0.15,0.016,0.86,84656.0,15698279.0,1.863,1.883,1.831,1.864,2.79,2.78,1.33,55.9,31812.0,52844.0,-203194.0,-1.29,3278476.0,20.88,-3481670.0,-22.18,442599.0,2.82,-239406.0,-1.53,50.0,1.88,1.881,304410000.0,572290800,572290800,2026-06-05,2026-06-05 11:10:19+08:00
510090,责任ETF建信,2.486,2.483,-0.12,0.021,0.85,200.0,49892.0,2.482,2.495,2.482,2.465,0.53,0.08,2.47,-3.06,4.0,196.0,49891.0,100.0,0.0,0.0,49891.0,100.0,-47654.0,-95.51,-2237.0,-4.48,1.0,2.483,2.485,26081100.0,64837615,64837615,2026-06-05,2026-06-05 11:10:37+08:00
516600,消费服务ETF工银,0.591,0.5902,-0.14,0.005,0.85,18614.0,1099622.0,0.586,0.592,0.586,0.586,1.02,1.56,1.8,0.08,4514.0,14100.0,60580.0,5.51,547419.0,49.78,-486839.0,-44.27,-50208.0,-4.57,-10372.0,-0.94,1.0,0.589,0.59,119332100.0,70525271,70525271,2026-06-05,2026-06-05 11:10:27+08:00
159929,医药ETF汇添富,1.186,1.186,0.0,0.01,0.85,369037.0,43959340.3,1.181,1.199,1.181,1.176,1.53,2.02,1.43,9.5,183799.0,185238.0,817110.0,1.86,3913825.0,8.9,-3096715.0,-7.04,1471489.0,3.35,-2288599.0,-5.21,-9.0,1.186,1.187,1825704208.0,2165285191,2165285191,2026-06-05,2026-06-05 11:10:39+08:00
562800,稀有金属ETF嘉实,1.063,1.064,0.09,0.009,0.85,2463559.0,259015796.0,1.043,1.068,1.037,1.054,2.94,4.37,1.92,22.69,1369651.0,1093908.0,14257156.0,5.5,4063977.0,1.57,10193179.0,3.94,-5505780.0,-2.13,-8751377.0,-3.38,-23.0,1.063,1.065,5634445056.0,5989415095,5989415095,2026-06-05,2026-06-05 11:10:25+08:00
560330,沪深300价值ETF申万菱信,1.206,1.205,-0.08,0.01,0.84,495.0,59737.0,1.195,1.209,1.195,1.196,1.17,0.29,0.14,2.94,146.0,349.0,17287.0,28.94,0.0,0.0,17287.0,28.94,1207.0,2.02,-18493.0,-30.96,1.0,1.205,1.206,17130000.0,20658780,20658780,2026-06-05,2026-06-05 11:10:27+08:00
159233,自由现金流ETF平安,1.219,1.2181,-0.07,0.01,0.83,210194.0,25518890.019,1.207,1.22,1.206,1.209,1.16,4.51,1.54,8.52,96774.0,113420.0,-5194870.0,-20.36,-3221907.0,-12.63,-1972963.0,-7.73,2072622.0,8.12,3122249.0,12.24,43.0,1.218,1.219,465623424.0,567594954,567594954,2026-06-05,2026-06-05 11:10:48+08:00
159662,交运ETF南方,0.975,0.9762,0.12,0.008,0.83,9566.0,931670.4,0.968,0.978,0.967,0.967,1.14,1.31,0.29,0.6,6625.0,2941.0,82045.0,8.81,4082.0,0.44,77963.0,8.37,-70521.0,-7.57,-11525.0,-1.24,1232.0,0.975,0.976,73113946.0,71286097,71286097,2026-06-05,2026-06-05 11:10:42+08:00
512130,全指现金流ETF鹏华,1.215,1.2125,-0.21,0.01,0.83,9374.0,1133501.0,1.205,1.215,1.205,1.205,0.83,5.9,2.9,2.29,3058.0,6316.0,-314140.0,-27.71,0.0,0.0,-314140.0,-27.71,77633.0,6.85,236507.0,20.87,-225.0,1.214,1.216,15895000.0,19312425,19312425,2026-06-05,2026-06-05 11:10:35+08:00
159965,央视50ETF国联,1.712,1.7094,-0.15,0.014,0.82,504.0,85983.0,1.7,1.712,1.688,1.698,1.41,0.2,0.83,-15.14,290.0,214.0,-1196.0,-1.39,0.0,0.0,-1196.0,-1.39,-28540.0,-33.19,29737.0,34.58,-5.0,1.709,1.712,25426953.0,43530944,43530944,2026-06-05,2026-06-05 11:10:39+08:00
561870,现金流全指ETF华富,1.228,1.2287,0.06,0.01,0.82,31927.0,3909252.0,1.214,1.229,1.214,1.218,1.23,2.52,1.52,2.38,14072.0,17855.0,-973776.0,-24.91,-112243.0,-2.87,-861533.0,-22.04,97095.0,2.48,876682.0,22.43,52.0,1.227,1.228,126765000.0,155667420,155667420,2026-06-05,2026-06-05 11:10:24+08:00
159805,传媒ETF鹏华,1.232,1.2331,0.09,0.01,0.82,141246.0,17355904.0,1.225,1.241,1.221,1.222,1.64,4.98,1.06,17.11,74796.0,66450.0,1574301.0,9.07,2296672.0,13.23,-722371.0,-4.16,-1049568.0,-6.05,-524734.0,-3.02,-30.0,1.232,1.233,283452480.0,349213455,349213455,2026-06-05,2026-06-05 11:10:30+08:00
159232,自由现金流ETF南方,1.231,1.2309,-0.01,0.01,0.82,804258.0,98677324.189,1.218,1.232,1.218,1.221,1.15,2.63,1.2,1.87,413158.0,391100.0,-5505383.0,-5.58,129368.0,0.13,-5634751.0,-5.71,2163559.0,2.19,3341824.0,3.39,116.0,1.23,1.231,3054948560.0,3760641677,3760641677,2026-06-05,2026-06-05 11:10:51+08:00
563770,全指现金流ETF招商,1.227,1.2267,-0.02,0.01,0.82,65101.0,7953756.0,1.216,1.227,1.216,1.217,0.9,23.84,1.83,9.09,32059.0,33042.0,-1317420.0,-16.56,-311222.0,-3.91,-1006198.0,-12.65,143460.0,1.8,1173959.0,14.76,22.0,1.225,1.227,27307000.0,33505689,33505689,2026-06-05,2026-06-05 11:10:19+08:00
159629,中证1000ETF富国,3.499,3.5011,0.06,0.028,0.81,553728.0,190970198.0,3.444,3.507,3.426,3.471,2.33,13.6,1.47,18.98,226548.0,327180.0,1515708.0,0.79,6627328.0,3.47,-5111620.0,-2.68,-753605.0,-0.39,-762103.0,-0.4,1.0,3.496,3.497,407252656.0,1424977043,1424977043,2026-06-05,2026-06-05 11:10:45+08:00
512810,军工ETF华宝,0.749,0.7495,0.07,0.006,0.81,299627.0,22259828.0,0.741,0.752,0.734,0.743,2.42,3.42,1.14,8.17,176168.0,123459.0,1465942.0,6.59,2410748.0,10.83,-944806.0,-4.24,-1015024.0,-4.56,-450919.0,-2.03,-1160.0,0.749,0.75,875583504.0,655812044,655812044,2026-06-05,2026-06-05 11:10:35+08:00
159671,稀有金属ETF工银,1.497,1.4985,0.1,0.012,0.81,293832.0,43438479.168,1.474,1.504,1.46,1.485,2.96,3.15,1.56,33.71,159113.0,134719.0,8643027.0,19.9,5868698.0,13.51,2774329.0,6.39,-2876010.0,-6.62,-5767017.0,-13.28,-20.0,1.497,1.499,934051744.0,1398275461,1398275461,2026-06-05,2026-06-05 11:10:42+08:00
159628,国证2000ETF万家,1.502,1.4997,-0.15,0.012,0.81,268760.0,39896831.0,1.476,1.503,1.466,1.49,2.48,11.52,1.53,-4.0,130782.0,137978.0,223887.0,0.56,1724526.0,4.32,-1500639.0,-3.76,-691750.0,-1.73,467863.0,1.17,77.0,1.501,1.502,233283250.0,350391442,350391442,2026-06-05,2026-06-05 11:10:45+08:00
516460,现金流ETF800鹏华,1.254,1.2548,0.06,0.01,0.8,93822.0,11737540.0,1.241,1.256,1.241,1.244,1.21,1.71,2.05,5.15,30883.0,62939.0,-1472137.0,-12.54,-585563.0,-4.99,-886574.0,-7.55,-67878.0,-0.58,1540016.0,13.12,-30.0,1.255,1.256,549693008.0,689315032,689315032,2026-06-05,2026-06-05 11:10:30+08:00
159235,中证现金流ETF大成,1.257,1.258,0.08,0.01,0.8,311874.0,39083921.7,1.247,1.258,1.246,1.247,0.96,1.18,1.1,0.75,122181.0,189693.0,-7874484.0,-20.15,-8175609.0,-20.92,301125.0,0.77,4305413.0,11.02,3569070.0,9.13,47.0,1.256,1.257,2634729552.0,3311855047,3311855047,2026-06-05,2026-06-05 11:10:48+08:00
159707,地产ETF华宝,0.502,0.5013,-0.14,0.004,0.8,771961.0,38880969.7,0.498,0.51,0.497,0.498,2.61,6.93,1.29,41.43,422005.0,349956.0,-4649522.0,-11.96,-3793314.0,-9.76,-856208.0,-2.2,3676921.0,9.46,972599.0,2.5,3.0,0.501,0.502,1113548208.0,559001200,559001200,2026-06-05,2026-06-05 11:10:42+08:00
517110,创新药ETF国泰,0.633,0.6292,-0.6,0.005,0.8,117172.0,7482751.0,0.638,0.645,0.63,0.628,2.39,1.42,1.52,-8.75,65206.0,51966.0,-1163014.0,-15.54,67965.0,0.91,-1230979.0,-16.45,1232277.0,16.47,-69265.0,-0.93,-93.0,0.632,0.633,827098496.0,523553348,523553348,2026-06-05,2026-06-05 11:10:27+08:00
159931,金融地产ETF汇添富,1.774,1.7719,-0.12,0.014,0.8,373.0,66126.6,1.772,1.779,1.771,1.76,0.45,0.19,0.31,-2.48,81.0,292.0,11142.0,16.85,0.0,0.0,11142.0,16.85,8149.0,12.32,-19291.0,-29.17,22.0,1.769,1.773,19828511.0,35175779,35175779,2026-06-05,2026-06-05 11:10:30+08:00
510230,金融ETF国泰,1.254,1.2555,0.12,0.01,0.8,286543.0,36021338.0,1.243,1.265,1.243,1.244,1.77,1.29,1.02,67.71,144430.0,142113.0,1602506.0,4.45,-2074709.0,-5.76,3677215.0,10.21,358886.0,1.0,-1961393.0,-5.45,-8.0,1.254,1.255,2213808000.0,2776115232,2776115232,2026-06-05,2026-06-05 11:10:38+08:00
513350,标普油气ETF富国,1.273,1.2148,-4.79,0.01,0.79,8707162.0,1106467232.0,1.251,1.281,1.251,1.263,2.38,101.51,1.52,6.13,4588892.0,4118270.0,2097744.0,0.19,-3359744.0,-0.3,5457488.0,0.49,1922385.0,0.17,-4020112.0,-0.36,1347.0,1.272,1.273,857746000.0,1091910658,1091910658,2026-06-05,2026-06-05 11:10:31+08:00
517990,沪港深医药ETF招商,0.768,0.7681,0.01,0.006,0.79,17358.0,1347257.0,0.762,0.781,0.762,0.762,2.49,3.62,2.66,0.71,11888.0,5470.0,9701.0,0.72,779429.0,57.85,-769728.0,-57.13,-31384.0,-2.33,21683.0,1.61,100.0,0.766,0.768,47987900.0,36854707,36854707,2026-06-05,2026-06-05 11:10:30+08:00
159288,创业板综ETF银华,1.144,1.1479,0.34,0.009,0.79,29690.0,3362421.5,1.138,1.145,1.121,1.135,2.11,2.65,1.87,-10.01,9899.0,19791.0,1129657.0,33.6,0.0,0.0,1129657.0,33.6,-926049.0,-27.54,-203609.0,-6.06,6.0,1.143,1.146,112174931.0,128328121,128328121,2026-06-05,2026-06-05 11:10:51+08:00
512750,基本面50ETF嘉实,1.401,1.402,0.07,0.011,0.79,10421.0,1460849.0,1.39,1.404,1.39,1.39,1.01,2.2,0.9,-0.43,5276.0,5145.0,96873.0,6.63,0.0,0.0,96873.0,6.63,-57663.0,-3.95,-39210.0,-2.68,15.0,1.401,1.402,47454900.0,66484315,66484315,2026-06-05,2026-06-05 11:10:36+08:00
563580,自由现金流800ETF万家,1.148,1.1486,0.05,0.009,0.79,62767.0,7179905.0,1.136,1.148,1.136,1.139,1.05,1.91,2.26,1.3,30382.0,32385.0,-1083777.0,-15.09,237742.0,3.31,-1321519.0,-18.41,-186008.0,-2.59,1269784.0,17.69,23.0,1.147,1.148,328648000.0,377287904,377287904,2026-06-05,2026-06-05 11:10:19+08:00
563050,央企科技ETF易方达,1.417,1.4204,0.24,0.011,0.78,32324.0,4540228.0,1.401,1.425,1.382,1.406,3.06,2.62,1.06,35.12,7626.0,24698.0,313288.0,6.9,-1015370.0,-22.36,1328658.0,29.26,-153339.0,-3.38,-159949.0,-3.52,-20.0,1.419,1.421,123208400.0,174586303,174586303,2026-06-05,2026-06-05 11:10:19+08:00
513500,标普500ETF博时,2.586,2.4474,-5.66,0.02,0.78,918112.0,236510958.0,2.569,2.588,2.561,2.566,1.05,0.92,0.98,-24.82,499307.0,418805.0,2673068.0,1.13,-3657162.0,-1.55,6330230.0,2.68,-2714811.0,-1.15,39158.0,0.02,174.0,2.585,2.586,9931638528.0,25683217233,25683217233,2026-06-05,2026-06-05 11:10:31+08:00
560160,食品ETF易方达,0.899,0.8985,-0.06,0.007,0.78,19303.0,1726606.0,0.894,0.901,0.892,0.892,1.01,1.51,0.82,3.48,7002.0,12301.0,-40076.0,-2.32,-446500.0,-25.86,406424.0,23.54,64470.0,3.73,-24394.0,-1.41,52.0,0.898,0.899,127706000.0,114807694,114807694,2026-06-05,2026-06-05 11:10:26+08:00
512260,中证500低波动ETF华安,1.975,1.9756,0.03,0.015,0.77,5262.0,1028835.0,1.943,1.975,1.94,1.96,1.79,2.47,1.85,-0.46,2142.0,3120.0,20638.0,2.01,0.0,0.0,20638.0,2.01,4939.0,0.48,-25577.0,-2.49,5.0,1.972,1.976,21297700.0,42062958,42062958,2026-06-05,2026-06-05 11:10:34+08:00
512100,中证1000ETF南方,3.411,3.4125,0.04,0.026,0.77,4741172.0,1601105342.0,3.366,3.418,3.34,3.385,2.3,13.09,0.96,-82.08,2400463.0,2340709.0,19228624.0,1.2,129656240.0,8.1,-110427616.0,-6.9,-5727767.0,-0.36,-13500864.0,-0.84,-1091.0,3.411,3.413,3621217600.0,12351973234,12351973234,2026-06-05,2026-06-05 11:10:35+08:00
561320,交运ETF国泰,0.925,0.9261,0.12,0.007,0.76,664.0,61486.0,0.92,0.929,0.92,0.918,0.98,0.12,0.18,-9.13,564.0,100.0,41894.0,68.14,30767.0,50.04,11127.0,18.1,0.0,0.0,-41895.0,-68.14,-5.0,0.924,0.926,57369000.0,53066325,53066325,2026-06-05,2026-06-05 11:10:25+08:00
513080,法国ETF华安,1.735,1.7458,0.62,0.013,0.75,108925.0,18908797.0,1.734,1.738,1.734,1.722,0.23,1.73,0.81,-22.95,48050.0,60875.0,1953537.0,10.33,1298117.0,6.87,655420.0,3.47,-625475.0,-3.31,-1328063.0,-7.02,497.0,1.735,1.736,629416000.0,1092036760,1092036760,2026-06-05,2026-06-05 11:10:32+08:00
588140,科创200ETF广发,1.35,1.3556,0.41,0.01,0.75,50324.0,6661121.0,1.339,1.359,1.317,1.34,3.13,2.06,1.25,-4.06,41621.0,8703.0,-4179122.0,-62.74,-3978924.0,-59.73,-200198.0,-3.01,4014382.0,60.27,164739.0,2.47,-50.0,1.355,1.356,244751000.0,330413850,330413850,2026-06-05,2026-06-05 11:10:21+08:00
563760,全指现金流ETF中银,1.209,1.2088,-0.02,0.009,0.75,735437.0,88588861.0,1.201,1.21,1.201,1.2,0.75,8.14,1.99,-5.7,376386.0,359051.0,-5435570.0,-6.14,-3169068.0,-3.58,-2266502.0,-2.56,2757690.0,3.11,2677880.0,3.02,4000.0,1.208,1.209,903913200.0,1092831059,1092831059,2026-06-05,2026-06-05 11:10:19+08:00
563830,全指现金流ETF博时,1.213,1.2129,-0.01,0.009,0.75,17315.0,2094227.0,1.203,1.213,1.203,1.204,0.83,1.17,0.93,4.79,6780.0,10535.0,-604596.0,-28.87,0.0,0.0,-604596.0,-28.87,-81289.0,-3.88,685886.0,32.75,44.0,1.212,1.213,147896000.0,179397848,179397848,2026-06-05,2026-06-05 11:10:21+08:00
516950,基建ETF银华,1.081,1.0816,0.06,0.008,0.75,45058.0,4867107.0,1.072,1.085,1.072,1.073,1.21,3.42,1.07,7.57,16202.0,28856.0,1182024.0,24.29,-745331.0,-15.31,1927355.0,39.6,-978246.0,-20.1,-203777.0,-4.19,-19.0,1.081,1.082,131821000.0,142498501,142498501,2026-06-05,2026-06-05 11:10:29+08:00
510660,医药ETF华夏,2.169,2.1644,-0.21,0.016,0.74,46775.0,10205567.0,2.175,2.194,2.162,2.153,1.49,10.54,2.58,-1.42,22719.0,24056.0,-198490.0,-1.94,1610118.0,15.78,-1808608.0,-17.72,-30821.0,-0.3,229312.0,2.25,26.0,2.167,2.168,44379700.0,96259569,96259569,2026-06-05,2026-06-05 11:10:39+08:00
589780,科创200ETF富国,1.366,1.3705,0.33,0.01,0.74,11935.0,1620486.0,1.356,1.374,1.333,1.356,3.02,1.98,0.94,1.76,7521.0,4414.0,429100.0,26.48,0.0,0.0,429100.0,26.48,-368448.0,-22.74,-60652.0,-3.74,-2.0,1.369,1.37,60215000.0,82253690,82253690,2026-06-05,2026-06-05 11:10:19+08:00
159617,中证500价值ETF华夏,1.368,1.3694,0.1,0.01,0.74,17451.0,2387109.6,1.36,1.372,1.36,1.358,0.88,6.14,3.95,0.02,9604.0,7847.0,26142.0,1.1,0.0,0.0,26142.0,1.1,9096.0,0.38,-35238.0,-1.48,1200.0,1.367,1.368,28418382.0,38876347,38876347,2026-06-05,2026-06-05 11:10:45+08:00
563590,A500红利低波动ETF国寿,0.967,0.9663,-0.07,0.007,0.73,215.0,20724.0,0.96,0.968,0.96,0.96,0.83,0.03,0.3,1.21,133.0,82.0,-1233.0,-5.95,0.0,0.0,-1233.0,-5.95,0.0,0.0,1233.0,5.95,-75.0,0.964,0.967,70944400.0,68603235,68603235,2026-06-05,2026-06-05 11:10:20+08:00
563780,现金流全指ETF方正富邦,1.245,1.2454,0.03,0.009,0.73,30319.0,3759856.0,1.234,1.246,1.233,1.236,1.05,0.85,1.29,7.35,8557.0,21762.0,-1165296.0,-30.99,0.0,0.0,-1165296.0,-30.99,-139386.0,-3.71,1304682.0,34.7,10.0,1.244,1.246,355027104.0,442008744,442008744,2026-06-05,2026-06-05 11:10:21+08:00
561080,全指现金流ETF华安,1.239,1.2394,0.03,0.009,0.73,11593.0,1433292.0,1.237,1.241,1.233,1.23,0.65,3.29,1.13,4.23,4688.0,6905.0,-719425.0,-50.19,0.0,0.0,-719425.0,-50.19,0.0,0.0,719425.0,50.19,-63.0,1.239,1.24,35250000.0,43674750,43674750,2026-06-05,2026-06-05 11:10:23+08:00
589320,科创200ETF嘉实,0.96,0.9614,0.15,0.007,0.73,47662.0,4513279.0,0.945,0.963,0.936,0.953,2.83,1.71,0.44,1.56,26110.0,21552.0,604986.0,13.4,77104.0,1.71,527882.0,11.7,-618998.0,-13.72,14012.0,0.31,220.0,0.96,0.962,279053008.0,267890888,267890888,2026-06-05,2026-06-05 11:10:20+08:00
563680,800现金流ETF汇添富,1.234,1.2347,0.06,0.009,0.73,9989.0,1227190.0,1.225,1.234,1.225,1.225,0.73,0.79,0.88,17.5,2608.0,7381.0,-494158.0,-40.27,-334358.0,-27.25,-159800.0,-13.02,-50510.0,-4.12,544668.0,44.38,-252.0,1.233,1.234,126959000.0,156667406,156667406,2026-06-05,2026-06-05 11:10:21+08:00
159295,创业综指ETF西部利得,1.262,1.2634,0.11,0.009,0.72,13819.0,1721497.2,1.253,1.265,1.233,1.253,2.55,1.89,0.89,-2.96,5685.0,8134.0,-235136.0,-13.66,0.0,0.0,-235136.0,-13.66,189874.0,11.03,45262.0,2.63,-790.0,1.261,1.262,72958239.0,92073298,92073298,2026-06-05,2026-06-05 11:10:51+08:00
560110,中证1000ETF汇添富,1.261,1.262,0.08,0.009,0.72,102205.0,12701861.0,1.245,1.263,1.234,1.252,2.32,6.73,1.24,-8.68,42321.0,59884.0,-897229.0,-7.06,-623107.0,-4.91,-274122.0,-2.16,713123.0,5.61,184106.0,1.45,-1.0,1.261,1.262,151903500.0,191550314,191550314,2026-06-05,2026-06-05 11:10:28+08:00
561050,稀有金属ETF易方达,0.976,0.9793,0.34,0.007,0.72,51206.0,4961861.0,0.965,0.981,0.956,0.969,2.58,1.54,0.84,-5.25,26988.0,24218.0,525930.0,10.6,-488000.0,-9.84,1013930.0,20.43,-549385.0,-11.07,23455.0,0.47,-60.0,0.976,0.979,332250000.0,324276000,324276000,2026-06-05,2026-06-05 11:10:24+08:00
563390,全指现金流ETF华泰柏瑞,1.254,1.2544,0.03,0.009,0.72,217369.0,27179776.0,1.247,1.256,1.241,1.245,1.2,0.88,1.37,3.05,107749.0,109620.0,-6340005.0,-23.33,-5093489.0,-18.74,-1246516.0,-4.59,3528222.0,12.98,2811782.0,10.35,1949.0,1.254,1.255,2480844000.0,3110978376,3110978376,2026-06-05,2026-06-05 11:10:20+08:00
512390,中国低波ETF平安,1.277,1.2769,-0.01,0.009,0.71,26.0,3319.0,1.272,1.277,1.272,1.268,0.39,0.01,0.15,-0.76,24.0,2.0,-2044.0,-61.58,0.0,0.0,-2044.0,-61.58,0.0,0.0,2044.0,61.58,20.0,1.276,1.279,18682000.0,23856914,23856914,2026-06-05,2026-06-05 11:10:34+08:00
516890,新材料ETF平安,0.85,0.8492,-0.09,0.006,0.71,1074.0,90253.0,0.846,0.85,0.826,0.844,2.84,0.31,0.29,-2.91,425.0,649.0,-35029.0,-38.81,0.0,0.0,-35029.0,-38.81,34086.0,37.77,943.0,1.04,31.0,0.848,0.85,34311400.0,29164690,29164690,2026-06-05,2026-06-05 11:10:31+08:00
562390,中药ETF银华,0.852,0.854,0.23,0.006,0.71,7348.0,627784.0,0.847,0.858,0.847,0.846,1.3,0.86,0.99,15.36,3789.0,3559.0,216935.0,34.56,207140.0,33.0,9795.0,1.56,-122668.0,-19.54,-94268.0,-15.02,-15.0,0.852,0.855,85429000.0,72785508,72785508,2026-06-05,2026-06-05 11:10:24+08:00
516970,基建ETF广发,1.154,1.1547,0.06,0.008,0.7,207220.0,23876952.0,1.148,1.158,1.145,1.146,1.13,1.73,1.11,29.42,98779.0,108441.0,316746.0,1.33,2199291.0,9.21,-1882545.0,-7.88,-230640.0,-0.97,-86107.0,-0.36,1.0,1.154,1.155,1199042496.0,1383695040,1383695040,2026-06-05,2026-06-05 11:10:28+08:00
159837,生物科技ETF易方达,0.429,0.4301,0.26,0.003,0.7,430892.0,18573324.0,0.428,0.434,0.427,0.426,1.64,1.37,1.33,38.86,226230.0,204662.0,193876.0,1.04,425236.0,2.29,-231360.0,-1.25,-188326.0,-1.01,-5549.0,-0.03,2802.0,0.428,0.429,3135152832.0,1344980565,1344980565,2026-06-05,2026-06-05 11:10:39+08:00
515900,央企创新ETF博时,1.732,1.7356,0.21,0.012,0.7,9087.0,1570079.0,1.715,1.736,1.715,1.72,1.22,0.04,0.51,4.36,4769.0,4318.0,337782.0,21.51,473097.0,30.13,-135315.0,-8.62,-289835.0,-18.46,-47948.0,-3.05,-6.0,1.733,1.734,2229646496.0,3861747731,3861747731,2026-06-05,2026-06-05 11:10:30+08:00
516390,新能源车ETF汇添富,1.02,1.0199,-0.01,0.007,0.69,47289.0,4744283.0,1.014,1.02,0.991,1.013,2.86,2.61,2.12,0.72,27676.0,19613.0,-112829.0,-2.38,-114599.0,-2.42,1770.0,0.04,296318.0,6.25,-183489.0,-3.87,41.0,1.019,1.02,181261000.0,184886220,184886220,2026-06-05,2026-06-05 11:10:31+08:00
560010,中证1000ETF广发,3.494,3.4951,0.03,0.024,0.69,910742.0,315103415.0,3.458,3.503,3.423,3.47,2.31,10.39,1.17,-19.53,510733.0,400009.0,475346.0,0.15,4364585.0,1.39,-3889239.0,-1.23,-749379.0,-0.24,274032.0,0.09,-1.0,3.494,3.495,876621696.0,3062916206,3062916206,2026-06-05,2026-06-05 11:10:25+08:00
515680,央企创新ETF嘉实,1.749,1.7491,0.01,0.012,0.69,3924.0,686041.0,1.737,1.752,1.737,1.737,0.86,0.04,0.25,18.57,2594.0,1330.0,-1240.0,-0.18,-22407.0,-3.27,21167.0,3.09,0.0,0.0,1241.0,0.18,-1.0,1.748,1.749,1102264704.0,1927860967,1927860967,2026-06-05,2026-06-05 11:10:30+08:00
159883,医疗器械ETF永赢,0.441,0.4404,-0.14,0.003,0.68,903274.0,39595879.1,0.438,0.442,0.435,0.438,1.6,0.93,1.22,46.56,454337.0,448937.0,-1841667.0,-4.65,-433758.0,-1.1,-1407909.0,-3.56,1174889.0,2.97,666777.0,1.68,30.0,0.44,0.441,9676037888.0,4267132709,4267132709,2026-06-05,2026-06-05 11:10:39+08:00
513650,标普500ETF南方,1.915,1.8634,-2.77,0.013,0.68,1117250.0,213263620.0,1.901,1.918,1.893,1.902,1.31,2.78,1.14,-11.05,646678.0,470572.0,-34155892.0,-16.02,-19907387.0,-9.33,-14248505.0,-6.68,9268327.0,4.35,24823029.0,11.64,605.0,1.915,1.916,4012734000.0,7684385610,7684385610,2026-06-05,2026-06-05 11:10:32+08:00
515460,红利质量ETF南方,0.901,0.9005,-0.06,0.006,0.67,61482.0,5543530.0,0.895,0.904,0.893,0.895,1.23,2.06,0.61,0.08,43947.0,17535.0,551935.0,9.96,1169473.0,21.1,-617538.0,-11.14,-545109.0,-9.83,-6827.0,-0.12,-129.0,0.9,0.901,299091008.0,269480998,269480998,2026-06-05,2026-06-05 11:10:29+08:00
159151,食品ETF华夏,0.895,0.8949,-0.01,0.006,0.67,94043.0,8396487.492,0.889,0.898,0.889,0.889,1.01,7.81,1.3,8.89,45859.0,48184.0,-267450.0,-3.19,0.0,0.0,-267450.0,-3.19,406721.0,4.84,-139272.0,-1.66,144.0,0.894,0.895,120451063.0,107803701,107803701,2026-06-05,2026-06-05 11:10:48+08:00
159578,深证主板50ETF南方,1.222,1.2244,0.2,0.008,0.66,358.0,43617.1,1.222,1.241,1.205,1.214,2.97,0.18,0.54,3.2,215.0,143.0,-2922.0,-6.7,0.0,0.0,-2922.0,-6.7,19641.0,45.03,-16721.0,-38.34,1.0,1.221,1.224,19998831.0,24438571,24438571,2026-06-05,2026-06-05 11:10:45+08:00
562060,标普A股红利ETF华宝,0.622,0.6215,-0.08,0.004,0.65,230358.0,14300771.0,0.619,0.625,0.618,0.618,1.13,0.37,0.61,7.22,112752.0,117606.0,569031.0,3.98,1184166.0,8.28,-615135.0,-4.3,-509016.0,-3.56,-60017.0,-0.42,1.0,0.621,0.622,6265792512.0,3897322942,3897322942,2026-06-05,2026-06-05 11:10:26+08:00
530100,上证580ETF易方达,1.243,1.2466,0.29,0.008,0.65,23446.0,2889334.0,1.234,1.247,1.225,1.235,1.78,1.67,1.64,-18.67,10348.0,13098.0,-7174.0,-0.25,0.0,0.0,-7174.0,-0.25,-11626.0,-0.4,18800.0,0.65,-1476.0,1.245,1.247,140696000.0,174885128,174885128,2026-06-05,2026-06-05 11:10:25+08:00
510150,消费ETF招商,0.473,0.4724,-0.13,0.003,0.64,917564.0,43513369.0,0.471,0.477,0.471,0.47,1.28,3.02,3.31,51.57,427960.0,489604.0,483171.0,1.11,2730788.0,6.28,-2247617.0,-5.17,-317940.0,-0.73,-165231.0,-0.38,1.0,0.472,0.473,3041178608.0,1438477482,1438477482,2026-06-05,2026-06-05 11:10:37+08:00
517090,央企共赢ETF国泰,1.576,1.5772,0.08,0.01,0.64,18544.0,2921714.0,1.567,1.578,1.567,1.566,0.7,2.81,0.83,10.53,8279.0,10265.0,440845.0,15.09,96862.0,3.32,343983.0,11.77,-513169.0,-17.56,72324.0,2.48,-20.0,1.575,1.577,66075000.0,104134200,104134200,2026-06-05,2026-06-05 11:10:26+08:00
560900,创新药ETF摩根,0.785,0.7843,-0.09,0.005,0.64,80558.0,6354182.0,0.79,0.796,0.782,0.78,1.79,3.89,1.23,-0.13,37169.0,43389.0,302551.0,4.76,910142.0,14.32,-607591.0,-9.56,-274578.0,-4.32,-27973.0,-0.44,24.0,0.784,0.785,206969100.0,162470744,162470744,2026-06-05,2026-06-05 11:10:24+08:00
560520,红利低波100ETF大成,1.115,1.1156,0.05,0.007,0.63,193.0,21599.0,1.108,1.124,1.108,1.108,1.44,0.16,0.06,-0.05,176.0,17.0,9412.0,43.58,0.0,0.0,9412.0,43.58,664.0,3.07,-10077.0,-46.65,9.0,1.114,1.116,11751000.0,13102365,13102365,2026-06-05,2026-06-05 11:10:27+08:00
517360,沪港深科技ETF华安,0.964,0.9676,0.37,0.006,0.63,313.0,30081.0,0.954,0.964,0.954,0.958,1.04,0.12,0.38,-0.04,212.0,101.0,5813.0,19.32,0.0,0.0,5813.0,19.32,0.0,0.0,-5814.0,-19.33,3.0,0.963,0.966,26583000.0,25626012,25626012,2026-06-05,2026-06-05 11:10:29+08:00
562920,信息安全ETF易方达,0.963,0.9657,0.28,0.006,0.63,89510.0,8489764.0,0.952,0.964,0.935,0.957,3.03,9.83,1.52,21.91,59932.0,29578.0,2974991.0,35.04,2460001.0,28.98,514990.0,6.07,-1199811.0,-14.13,-1775180.0,-20.91,-36.0,0.963,0.964,91069000.0,87699447,87699447,2026-06-05,2026-06-05 11:10:21+08:00
562320,沪深300价值ETF银华,1.301,1.3035,0.19,0.008,0.62,59046.0,7698916.0,1.291,1.308,1.291,1.293,1.31,10.68,3.39,-2.69,23428.0,35618.0,-833962.0,-10.83,0.0,0.0,-833962.0,-10.83,788951.0,10.25,45011.0,0.58,-2000.0,1.301,1.303,55295500.0,71939446,71939446,2026-06-05,2026-06-05 11:10:24+08:00
159633,中证1000ETF易方达,3.585,3.5887,0.1,0.022,0.62,1323275.0,468658944.593,3.529,3.596,3.515,3.563,2.27,22.69,1.65,10.4,728272.0,595003.0,590620.0,0.13,-21207680.0,-4.53,21798300.0,4.65,-1038384.0,-0.22,447770.0,0.1,-7.0,3.584,3.586,583162656.0,2090638122,2090638122,2026-06-05,2026-06-05 11:10:45+08:00
159709,物联网ETF工银,1.946,1.946,0.0,0.012,0.62,2919.0,567271.4,1.957,1.959,1.839,1.934,6.2,1.36,1.51,58.59,2590.0,329.0,1572.0,0.28,11099.0,1.96,-9527.0,-1.68,57632.0,10.16,-59205.0,-10.44,196.0,1.945,1.947,21484060.0,41807981,41807981,2026-06-05,2026-06-05 11:10:42+08:00
515710,食品饮料ETF华宝,0.498,0.4975,-0.1,0.003,0.61,538848.0,26862184.0,0.496,0.503,0.495,0.495,1.62,2.16,1.85,33.78,156858.0,381990.0,479475.0,1.78,316769.0,1.18,162706.0,0.61,-631966.0,-2.35,152491.0,0.57,50.0,0.497,0.498,2500099808.0,1245049704,1245049704,2026-06-05,2026-06-05 11:10:30+08:00
560570,A500红利ETF国联安,0.987,0.9871,0.01,0.006,0.61,114193.0,11288978.0,0.982,0.992,0.982,0.981,1.02,0.79,1.07,-1.7,52418.0,61775.0,-112738.0,-1.0,-544343.0,-4.82,431605.0,3.82,126001.0,1.12,-13263.0,-0.12,1013.0,0.986,0.987,1444541200.0,1425762164,1425762164,2026-06-05,2026-06-05 11:10:26+08:00
159907,国证2000ETF广发,1.153,1.1597,0.58,0.007,0.61,48434.0,5532510.1,1.144,1.159,1.135,1.146,2.09,2.9,1.41,10.02,22469.0,25965.0,160009.0,2.89,0.0,0.0,160009.0,2.89,-247189.0,-4.47,87180.0,1.58,-5.0,1.156,1.158,167197694.0,192778941,192778941,2026-06-05,2026-06-05 11:10:30+08:00
159806,新能源车ETF国泰,0.831,0.8307,-0.04,0.005,0.61,248225.0,20289979.7,0.823,0.831,0.808,0.826,2.78,2.81,1.71,62.72,110138.0,138087.0,1400037.0,6.9,2519209.0,12.42,-1119172.0,-5.52,-1299880.0,-6.41,-100157.0,-0.49,101.0,0.83,0.831,882089440.0,733016325,733016325,2026-06-05,2026-06-05 11:10:39+08:00
159119,800现金流ETF招商,1.009,1.009,0.0,0.006,0.6,67176.0,6761266.018,1.005,1.01,0.999,1.003,1.1,3.84,2.08,16.6,37207.0,29969.0,-1125398.0,-16.64,-152386.0,-2.25,-973012.0,-14.39,-69406.0,-1.03,1194805.0,17.67,1200.0,1.009,1.01,175054229.0,176629717,176629717,2026-06-05,2026-06-05 11:10:45+08:00
159643,疫苗ETF国泰,0.5,0.5006,0.12,0.003,0.6,35192.0,1761100.0,0.498,0.505,0.498,0.497,1.41,1.28,1.0,-1.17,12466.0,22726.0,-180789.0,-10.27,38087.0,2.16,-218876.0,-12.43,122220.0,6.94,58568.0,3.33,106.0,0.499,0.5,274390624.0,137195312,137195312,2026-06-05,2026-06-05 11:10:39+08:00
516060,创新药ETF工银,0.503,0.503,0.0,0.003,0.6,103056.0,5219555.0,0.502,0.51,0.502,0.5,1.6,2.87,1.1,8.48,49291.0,53765.0,-711913.0,-13.64,27965.0,0.54,-739878.0,-14.18,638136.0,12.23,73778.0,1.41,20.0,0.503,0.504,359237408.0,180696416,180696416,2026-06-05,2026-06-05 11:10:29+08:00
159156,电池ETF万家,1.025,1.0264,0.14,0.006,0.59,78457.0,7944665.48,1.019,1.027,1.001,1.019,2.55,3.16,2.72,30.0,23001.0,55456.0,2755731.0,34.69,3579728.0,45.06,-823997.0,-10.37,-2273551.0,-28.62,-482179.0,-6.07,50.0,1.024,1.026,248461253.0,254672784,254672784,2026-06-05,2026-06-05 11:10:51+08:00
159332,央企红利ETF富国,1.197,1.1975,0.04,0.007,0.59,5613.0,667688.4,1.188,1.2,1.188,1.19,1.01,0.71,0.25,19.98,201.0,5412.0,-5679.0,-0.85,568547.0,85.15,-574226.0,-86.0,18762.0,2.81,-13082.0,-1.96,2.0,1.195,1.197,78521477.0,93990208,93990208,2026-06-05,2026-06-05 11:10:45+08:00
560590,中证1000增强ETF鹏华,1.57,1.5754,0.34,0.009,0.58,12221.0,1894228.0,1.547,1.57,1.531,1.561,2.5,6.2,0.86,4.92,3268.0,8953.0,72356.0,3.82,0.0,0.0,72356.0,3.82,-92136.0,-4.86,19780.0,1.04,1.0,1.566,1.57,19710000.0,30944700,30944700,2026-06-05,2026-06-05 11:10:26+08:00
512290,生物医药ETF国泰,0.87,0.8706,0.07,0.005,0.58,761194.0,66753384.0,0.87,0.883,0.868,0.865,1.73,1.94,1.5,9.04,341141.0,420053.0,1196856.0,1.79,5732406.0,8.59,-4535550.0,-6.79,-819419.0,-1.23,-377437.0,-0.57,-111.0,0.87,0.871,3929820704.0,3418944012,3418944012,2026-06-05,2026-06-05 11:10:35+08:00
159559,机器人ETF景顺,1.397,1.3979,0.06,0.008,0.58,754661.0,102563383.267,1.39,1.405,1.341,1.389,4.61,4.7,1.88,61.26,324022.0,430639.0,-9209402.0,-8.99,-7510548.0,-7.33,-1698854.0,-1.66,1517568.0,1.48,7691834.0,7.51,-545.0,1.396,1.397,1605576624.0,2242990544,2242990544,2026-06-05,2026-06-05 11:10:45+08:00
512620,农业ETF天弘,0.862,0.8617,-0.03,0.005,0.58,23085.0,1977846.0,0.855,0.863,0.853,0.857,1.17,0.21,0.2,-3.22,10112.0,12973.0,246790.0,12.48,-157511.0,-7.96,404301.0,20.44,-186089.0,-9.41,-60700.0,-3.07,82.0,0.86,0.862,1123666000.0,968600092,968600092,2026-06-05,2026-06-05 11:10:34+08:00
520900,港股通红利ETF广发,1.067,1.0695,0.23,0.006,0.57,479039.0,51065111.0,1.059,1.07,1.059,1.061,1.04,2.79,1.28,5.6,270429.0,208610.0,-606142.0,-1.19,-539049.0,-1.06,-67093.0,-0.13,755330.0,1.48,-149188.0,-0.29,170.0,1.066,1.067,1719175008.0,1834359734,1834359734,2026-06-05,2026-06-05 11:10:27+08:00
159825,农业ETF富国,0.708,0.7083,0.04,0.004,0.57,528682.0,37226620.3,0.702,0.709,0.701,0.704,1.14,2.14,1.33,53.33,295475.0,233207.0,2184155.0,5.87,1938966.0,5.21,245189.0,0.66,-2374068.0,-6.38,189914.0,0.51,15.0,0.707,0.708,2467077408.0,1746690805,1746690805,2026-06-05,2026-06-05 11:10:39+08:00
159719,国企ETF平安,1.595,1.5984,0.21,0.009,0.57,10844.0,1733752.5,1.595,1.6,1.594,1.586,0.38,4.14,1.15,6.56,9077.0,1767.0,858072.0,49.49,1036926.0,59.81,-178854.0,-10.32,-852335.0,-49.16,-5738.0,-0.33,-2.0,1.595,1.597,26195986.0,41782598,41782598,2026-06-05,2026-06-05 11:10:30+08:00
159840,锂电池ETF工银,0.879,0.8785,-0.06,0.005,0.57,939039.0,81430166.617,0.874,0.88,0.858,0.874,2.52,4.71,1.72,44.53,474532.0,464507.0,1165283.0,1.43,6662178.0,8.18,-5496895.0,-6.75,-1062596.0,-1.3,-102686.0,-0.13,500.0,0.878,0.879,1992574848.0,1751473291,1751473291,2026-06-05,2026-06-05 11:10:39+08:00
159845,中证1000ETF华夏,3.506,3.5103,0.12,0.02,0.57,3720738.0,1291922549.028,3.451,3.516,3.436,3.486,2.29,24.28,1.16,28.78,1787094.0,1933644.0,-7227824.0,-0.56,116646512.0,9.03,-123874336.0,-9.59,12225315.0,0.95,-4997487.0,-0.39,100.0,3.504,3.506,1532425600.0,5372684154,5372684154,2026-06-05,2026-06-05 11:10:39+08:00
159236,自由现金流ETF工银,1.225,1.2262,0.1,0.007,0.57,38294.0,4681405.7,1.216,1.227,1.215,1.218,0.99,6.52,1.01,6.65,12262.0,26032.0,-1209568.0,-25.84,110568.0,2.36,-1320136.0,-28.2,-323662.0,-6.91,1533231.0,32.75,-500.0,1.225,1.226,58722161.0,71934647,71934647,2026-06-05,2026-06-05 11:10:51+08:00
520660,港股通央企红利ETF南方,1.059,1.0609,0.18,0.006,0.57,407723.0,43136726.0,1.053,1.061,1.052,1.053,0.85,1.71,0.94,20.55,210375.0,197348.0,396917.0,0.92,-1217164.0,-2.82,1614081.0,3.74,491698.0,1.14,-888615.0,-2.06,10.0,1.058,1.059,2381485504.0,2521993149,2521993149,2026-06-05,2026-06-05 11:10:30+08:00
159847,医疗ETF易方达,0.357,0.3582,0.34,0.002,0.56,374925.0,13392740.7,0.356,0.36,0.354,0.355,1.69,0.91,1.09,46.99,198848.0,176077.0,-1046614.0,-7.81,-2177009.0,-16.26,1130395.0,8.44,726744.0,5.43,319870.0,2.39,320.0,0.356,0.357,4111825360.0,1467921654,1467921654,2026-06-05,2026-06-05 11:10:39+08:00
159843,食品饮料ETF招商,0.54,0.5398,-0.04,0.003,0.56,43115.0,2335222.4,0.54,0.545,0.538,0.537,1.3,0.65,0.63,7.81,12063.0,31052.0,160640.0,6.88,417764.0,17.89,-257124.0,-11.01,-87907.0,-3.76,-72731.0,-3.11,-103.0,0.539,0.54,664455136.0,358805773,358805773,2026-06-05,2026-06-05 11:10:39+08:00
159391,大盘价值ETF博时,1.07,1.0686,-0.13,0.006,0.56,3792.0,406905.5,1.071,1.076,1.07,1.064,0.56,0.38,0.84,0.33,2322.0,1470.0,489.0,0.12,0.0,0.0,489.0,0.12,0.0,0.0,-489.0,-0.12,1121.0,1.067,1.068,100076398.0,107081746,107081746,2026-06-05,2026-06-05 11:10:42+08:00
515400,大数据ETF富国,0.903,0.9022,-0.09,0.005,0.56,613936.0,54527529.0,0.896,0.903,0.876,0.898,3.01,4.44,1.35,1.17,290979.0,322957.0,-2339380.0,-4.29,-2358891.0,-4.33,19511.0,0.04,55693.0,0.1,2283687.0,4.19,20.0,0.902,0.903,1383631408.0,1249419161,1249419161,2026-06-05,2026-06-05 11:10:26+08:00
515580,科技100ETF华泰柏瑞,1.433,1.4373,0.3,0.008,0.56,38292.0,5415316.0,1.42,1.439,1.407,1.425,2.25,1.17,0.74,-1.0,13656.0,24636.0,1024486.0,18.92,1526877.0,28.2,-502391.0,-9.28,-1044749.0,-19.29,20262.0,0.37,4.0,1.434,1.436,326031408.0,467203008,467203008,2026-06-05,2026-06-05 11:10:29+08:00
515120,创新药ETF广发,0.545,0.5455,0.09,0.003,0.55,3936041.0,216302158.0,0.547,0.554,0.544,0.542,1.85,2.38,1.32,19.84,1894111.0,2041930.0,10230907.0,4.73,26283879.0,12.15,-16052972.0,-7.42,-8874741.0,-4.1,-1356167.0,-0.63,-2000.0,0.545,0.546,16522993664.0,9005031547,9005031547,2026-06-05,2026-06-05 11:10:32+08:00
563850,食品ETF广发,0.922,0.9226,0.07,0.005,0.55,5091.0,468602.0,0.919,0.924,0.915,0.917,0.98,0.84,0.54,3.65,2622.0,2469.0,-155925.0,-33.27,0.0,0.0,-155925.0,-33.27,123814.0,26.42,32112.0,6.85,-50.0,0.922,0.924,60881700.0,56132927,56132927,2026-06-05,2026-06-05 11:10:20+08:00
159992,创新药ETF银华,0.728,0.729,0.14,0.004,0.55,5552175.0,406667079.461,0.731,0.74,0.726,0.724,1.93,2.89,1.5,55.88,2459754.0,3092421.0,15122841.0,3.72,89841282.0,22.09,-74718441.0,-18.37,-13497325.0,-3.32,-1625516.0,-0.4,-28.0,0.728,0.729,19193981184.0,13973218302,13973218302,2026-06-05,2026-06-05 11:10:39+08:00
516500,生物科技ETF华夏,0.547,0.5469,-0.02,0.003,0.55,79906.0,4389740.0,0.547,0.553,0.545,0.544,1.47,2.7,1.25,13.59,37652.0,42254.0,-246651.0,-5.62,577318.0,13.15,-823969.0,-18.77,276566.0,6.3,-29914.0,-0.68,50.0,0.546,0.547,295937200.0,161877648,161877648,2026-06-05,2026-06-05 11:10:30+08:00
515050,通信ETF华夏,1.287,1.2879,0.07,0.007,0.55,5951333.0,760562937.0,1.263,1.302,1.254,1.28,3.75,4.67,1.32,47.87,3148019.0,2803313.0,-23450127.0,-3.08,-320831.0,-0.04,-23129296.0,-3.04,-3707031.0,-0.49,27154581.0,3.57,-1038.0,1.287,1.288,12757205504.0,16418523484,16418523484,2026-06-05,2026-06-05 11:10:31+08:00
562520,中证1000成长ETF华夏,1.462,1.4645,0.17,0.008,0.55,36635.0,5272566.0,1.44,1.462,1.425,1.454,2.54,16.23,1.17,6.08,18603.0,18032.0,-110829.0,-2.1,572841.0,10.86,-683670.0,-12.97,23293.0,0.44,87536.0,1.66,30.0,1.462,1.464,22568000.0,32994416,32994416,2026-06-05,2026-06-05 11:10:26+08:00
561950,中证500增强ETF招商,1.452,1.4578,0.4,0.008,0.55,48848.0,7051229.0,1.43,1.458,1.426,1.444,2.22,5.33,1.9,10.11,18334.0,30514.0,117361.0,1.66,-1931126.0,-27.39,2048487.0,29.05,-75507.0,-1.07,-41853.0,-0.59,67.0,1.455,1.457,91656000.0,133084512,133084512,2026-06-05,2026-06-05 11:10:23+08:00
159755,电池ETF广发,1.094,1.0944,0.04,0.006,0.55,11105502.0,1202622084.3,1.085,1.096,1.068,1.088,2.57,10.34,4.49,53.35,4716189.0,6389313.0,367340135.0,30.54,692986914.0,57.62,-325646779.0,-27.08,-275879153.0,-22.94,-91460990.0,-7.61,-390.0,1.094,1.095,10743646720.0,11753549512,11753549512,2026-06-05,2026-06-05 11:10:42+08:00
516810,农业ETF华夏,0.727,0.7271,0.01,0.004,0.55,968896.0,70101733.0,0.72,0.727,0.719,0.723,1.11,18.76,1.68,-0.83,512175.0,456721.0,928556.0,1.32,915442.0,1.31,13114.0,0.02,-973296.0,-1.39,44740.0,0.06,1600.0,0.726,0.727,516478896.0,375480157,375480157,2026-06-05,2026-06-05 11:10:30+08:00
159613,信息安全ETF嘉实,0.909,0.9109,0.21,0.005,0.55,33811.0,3026738.0,0.899,0.91,0.882,0.904,3.1,4.14,0.9,58.41,23413.0,10398.0,1194312.0,39.46,311568.0,10.29,882744.0,29.16,-213334.0,-7.05,-980978.0,-32.41,-108.0,0.909,0.91,81590217.0,74165507,74165507,2026-06-05,2026-06-05 11:10:45+08:00
560030,800价值ETF汇添富,1.285,1.2851,0.01,0.007,0.55,480.0,61908.0,1.28,1.29,1.28,1.278,0.78,0.2,2.09,-2.04,468.0,12.0,-60752.0,-98.13,0.0,0.0,-60752.0,-98.13,59985.0,96.89,766.0,1.24,-2.0,1.283,1.287,23432000.0,30110120,30110120,2026-06-05,2026-06-05 11:10:27+08:00
560320,食品ETF富国,0.907,0.9088,0.2,0.005,0.55,11701.0,1059677.0,0.904,0.911,0.902,0.902,1.0,0.63,0.28,-9.78,6629.0,5072.0,348544.0,32.89,-453000.0,-42.75,801544.0,75.64,-366540.0,-34.59,17996.0,1.7,-100.0,0.907,0.908,184332000.0,167189124,167189124,2026-06-05,2026-06-05 11:10:25+08:00
159645,疫苗ETF富国,0.561,0.5615,0.09,0.003,0.54,4532.0,256079.1,0.56,0.566,0.559,0.558,1.25,0.74,0.44,-0.28,4266.0,266.0,-76664.0,-29.94,-56331.0,-22.0,-20333.0,-7.94,86804.0,33.9,-10139.0,-3.96,18.0,0.56,0.562,61540740.0,34524355,34524355,2026-06-05,2026-06-05 11:10:45+08:00
517180,中国国企ETF南方,1.497,1.4985,0.1,0.008,0.54,8194.0,1225804.0,1.492,1.499,1.492,1.489,0.47,0.91,0.59,1.75,2559.0,5635.0,45074.0,3.68,0.0,0.0,45074.0,3.68,-14520.0,-1.18,-30553.0,-2.49,78.0,1.496,1.497,90496300.0,135472961,135472961,2026-06-05,2026-06-05 11:10:29+08:00
159272,机器人ETF富国,0.934,0.9346,0.06,0.005,0.54,937626.0,85446852.203,0.93,0.94,0.896,0.929,4.74,4.49,1.45,60.53,428596.0,509030.0,-13377161.0,-15.66,-17858130.0,-20.9,4480969.0,5.24,7082770.0,8.29,6294389.0,7.37,200.0,0.933,0.934,2086164688.0,1948477819,1948477819,2026-06-05,2026-06-05 11:10:51+08:00
159527,云计算ETF广发,2.255,2.2551,0.0,0.012,0.53,33403.0,7441547.8,2.236,2.258,2.205,2.243,2.36,2.32,1.06,69.14,19345.0,14058.0,326034.0,4.38,17432.0,0.23,308602.0,4.15,49203.0,0.66,-375236.0,-5.04,100.0,2.252,2.254,144100450.0,324946515,324946515,2026-06-05,2026-06-05 11:10:48+08:00
159828,医疗ETF国泰,0.376,0.3762,0.05,0.002,0.53,616166.0,23215758.0,0.375,0.38,0.373,0.374,1.87,1.08,1.22,39.4,331028.0,285138.0,-690077.0,-2.97,-679985.0,-2.93,-10092.0,-0.04,384045.0,1.65,306031.0,1.32,2281.0,0.375,0.376,5716439552.0,2149381272,2149381272,2026-06-05,2026-06-05 11:10:39+08:00
515230,软件ETF国泰,0.754,0.7529,-0.15,0.004,0.53,1390688.0,104047957.0,0.748,0.755,0.74,0.75,2.0,2.02,0.87,-19.43,824126.0,566562.0,-3799275.0,-3.65,11711365.0,11.26,-15510640.0,-14.91,236338.0,0.23,3562937.0,3.42,90.0,0.753,0.754,6871691008.0,5181255020,5181255020,2026-06-05,2026-06-05 11:10:30+08:00
159586,计算机ETF南方,1.14,1.1411,0.1,0.006,0.53,64675.0,7317002.6,1.13,1.142,1.12,1.134,1.94,2.49,0.8,59.11,40405.0,24270.0,674447.0,9.22,306281.0,4.19,368166.0,5.03,-606563.0,-8.29,-67884.0,-0.93,10.0,1.139,1.14,259525923.0,295859552,295859552,2026-06-05,2026-06-05 11:10:45+08:00
520510,港股通医疗ETF华夏,0.765,0.7635,-0.2,0.004,0.53,1009376.0,77839856.0,0.767,0.781,0.764,0.761,2.23,44.72,1.82,-1.44,521645.0,487731.0,1355622.0,1.74,4499645.0,5.78,-3144023.0,-4.04,-1466610.0,-1.88,110987.0,0.14,-3593.0,0.765,0.766,225728000.0,172681920,172681920,2026-06-05,2026-06-05 11:10:30+08:00
159209,红利质量ETF招商,1.138,1.1389,0.08,0.006,0.53,392248.0,44679186.2,1.131,1.143,1.127,1.132,1.41,1.98,1.24,11.36,195041.0,197207.0,65954.0,0.15,35910.0,0.08,30044.0,0.07,432127.0,0.97,-498080.0,-1.11,-32.0,1.138,1.139,1985635056.0,2259652694,2259652694,2026-06-05,2026-06-05 11:10:51+08:00
513190,港股通金融ETF华夏,1.724,1.7287,0.27,0.009,0.52,1216505.0,210077287.0,1.714,1.734,1.714,1.715,1.17,10.84,1.84,3.65,626447.0,590058.0,2252426.0,1.07,6079105.0,2.89,-3826679.0,-1.82,-843190.0,-0.4,-1409237.0,-0.67,1250.0,1.724,1.725,1121936000.0,1934217664,1934217664,2026-06-05,2026-06-05 11:10:34+08:00
515760,浙江国资ETF华夏,1.353,1.3553,0.17,0.007,0.52,24303.0,3285938.0,1.34,1.355,1.34,1.346,1.11,2.51,1.75,9.54,10563.0,13740.0,399386.0,12.15,27100.0,0.82,372286.0,11.33,-357324.0,-10.87,-42062.0,-1.28,1670.0,1.353,1.355,96888100.0,131089599,131089599,2026-06-05,2026-06-05 11:10:31+08:00
516080,创新药ETF易方达,0.579,0.5789,-0.02,0.003,0.52,669866.0,39070907.0,0.581,0.587,0.577,0.576,1.74,2.27,1.3,6.43,334203.0,335663.0,-938741.0,-2.4,-743981.0,-1.9,-194760.0,-0.5,307015.0,0.79,631726.0,1.62,32.0,0.578,0.579,2952554800.0,1709529229,1709529229,2026-06-05,2026-06-05 11:10:31+08:00
159518,标普油气ETF嘉实,1.161,1.1579,-0.27,0.006,0.52,2693945.0,312539552.9,1.151,1.166,1.15,1.155,1.39,13.16,0.95,1.28,1503944.0,1190001.0,14209522.0,4.55,3816130.0,1.22,10393392.0,3.33,-10903169.0,-3.49,-3306353.0,-1.06,102.0,1.16,1.161,2047325376.0,2376944762,2376944762,2026-06-05,2026-06-05 11:10:48+08:00
563960,300质量ETF兴全,0.958,0.9582,0.02,0.005,0.52,25888.0,2478721.0,0.955,0.96,0.955,0.953,0.52,1.01,1.24,-5.79,13352.0,12536.0,-901254.0,-36.36,-798205.0,-32.2,-103049.0,-4.16,204388.0,8.25,696865.0,28.11,-964.0,0.957,0.958,256512000.0,245738496,245738496,2026-06-05,2026-06-05 11:10:20+08:00
159530,机器人ETF易方达,1.557,1.5592,0.14,0.008,0.52,4386070.0,666693838.924,1.55,1.567,1.492,1.549,4.84,4.51,1.64,25.34,2066201.0,2319869.0,-66614801.0,-9.99,-24228561.0,-3.63,-42386240.0,-6.36,28477238.0,4.27,38137559.0,5.72,79.0,1.556,1.557,9729613056.0,15149007528,15149007528,2026-06-05,2026-06-05 11:10:45+08:00
159137,港股通医疗ETF华宝,0.785,0.7818,-0.41,0.004,0.51,575953.0,45791337.872,0.794,0.803,0.783,0.781,2.56,31.03,3.37,-21.05,265601.0,310352.0,-30612.0,-0.07,491078.0,1.07,-521690.0,-1.14,-553132.0,-1.21,583745.0,1.27,4.0,0.784,0.785,185632607.0,145721596,145721596,2026-06-05,2026-06-05 11:10:54+08:00
159296,A500红利低波ETF华宝,0.981,0.981,0.0,0.005,0.51,6980.0,685870.495,0.983,0.985,0.981,0.976,0.41,1.52,0.32,-2.96,805.0,6175.0,-67092.0,-9.78,0.0,0.0,-67092.0,-9.78,86401.0,12.6,-19310.0,-2.82,-1600.0,0.981,0.982,46042941.0,45168125,45168125,2026-06-05,2026-06-05 11:10:45+08:00
159680,中证1000增强ETF招商,1.775,1.7769,0.11,0.009,0.51,171634.0,30225218.4,1.756,1.78,1.741,1.766,2.21,2.38,0.93,-26.77,92333.0,79301.0,-27912.0,-0.09,-1714626.0,-5.67,1686714.0,5.58,309583.0,1.02,-281670.0,-0.93,300.0,1.774,1.776,720438080.0,1278777592,1278777592,2026-06-05,2026-06-05 11:10:42+08:00
560700,央企红利ETF广发,1.182,1.1809,-0.09,0.006,0.51,23119.0,2725600.0,1.173,1.182,1.173,1.176,0.77,0.62,0.98,14.43,11971.0,11148.0,254318.0,9.33,0.0,0.0,254318.0,9.33,-251185.0,-9.22,-3134.0,-0.11,5.0,1.18,1.181,375536896.0,443884611,443884611,2026-06-05,2026-06-05 11:10:27+08:00
159703,新材料ETF天弘,0.983,0.9849,0.19,0.005,0.51,51707.0,5014645.8,0.975,0.985,0.956,0.978,2.97,9.34,1.89,-4.25,22037.0,29670.0,14966.0,0.3,-1309282.0,-26.11,1324248.0,26.41,-37293.0,-0.74,22326.0,0.45,1063.0,0.983,0.984,55381591.0,54440104,54440104,2026-06-05,2026-06-05 11:10:36+08:00
563510,A500红利低波ETF易方达,0.978,0.9775,-0.05,0.005,0.51,33452.0,3274610.0,0.97,0.982,0.97,0.973,1.23,1.14,0.83,0.77,20794.0,12658.0,205631.0,6.28,119813.0,3.66,85818.0,2.62,-142189.0,-4.34,-63441.0,-1.94,-59.0,0.978,0.979,294537008.0,288057194,288057194,2026-06-05,2026-06-05 11:10:19+08:00
561680,A500红利低波ETF平安,0.981,0.98,-0.1,0.005,0.51,11221.0,1102575.0,0.974,0.985,0.974,0.976,1.13,1.58,3.4,-1.35,6816.0,4405.0,178324.0,16.17,0.0,0.0,178324.0,16.17,-194901.0,-17.68,16578.0,1.5,-23.0,0.98,0.981,71169000.0,69816789,69816789,2026-06-05,2026-06-05 11:10:25+08:00
159763,新材料ETF建信,0.79,0.7918,0.23,0.004,0.51,39948.0,3108013.1,0.779,0.794,0.768,0.786,3.31,4.22,1.14,-0.12,20017.0,19931.0,615441.0,19.86,0.0,0.0,615441.0,19.86,-703262.0,-22.69,87820.0,2.83,115.0,0.789,0.79,94707747.0,74819120,74819120,2026-06-05,2026-06-05 11:10:42+08:00
513920,港股通央企红利ETF华安,1.619,1.6267,0.47,0.008,0.5,288395.0,46661635.0,1.61,1.622,1.607,1.611,0.93,0.9,0.69,29.83,176845.0,111550.0,-799513.0,-1.71,-1171806.0,-2.51,372293.0,0.8,1207849.0,2.59,-408335.0,-0.88,-1.0,1.619,1.62,3187731008.0,5160936502,5160936502,2026-06-05,2026-06-05 11:10:31+08:00
510600,上证50ETF申万菱信,3.816,3.8145,-0.04,0.019,0.5,5684.0,2163282.0,3.786,3.83,3.784,3.797,1.21,4.17,2.33,14.58,4145.0,1539.0,-264646.0,-12.23,0.0,0.0,-264646.0,-12.23,-36012.0,-1.66,300658.0,13.9,5.0,3.815,3.821,13615100.0,51955222,51955222,2026-06-05,2026-06-05 11:10:38+08:00
159183,新能源车ETF招商,1.015,1.0153,0.03,0.005,0.5,80173.0,8012850.644,1.0,1.016,0.986,1.01,2.97,14.47,2.24,52.48,42179.0,37994.0,317666.0,3.96,405271.0,5.06,-87605.0,-1.09,-426798.0,-5.33,109132.0,1.36,7.0,1.014,1.016,55387793.0,56218610,56218610,2026-06-05,2026-06-05 11:10:51+08:00
510030,价值ETF华宝,1.025,1.0246,-0.04,0.005,0.49,23957.0,2457491.0,1.018,1.031,1.016,1.02,1.47,1.49,1.11,11.54,11312.0,12645.0,-114649.0,-4.67,0.0,0.0,-114649.0,-4.67,139748.0,5.69,-25100.0,-1.02,300.0,1.024,1.026,161229800.0,165260545,165260545,2026-06-05,2026-06-05 11:10:40+08:00
517130,云计算ETF嘉实,1.026,1.0291,0.3,0.005,0.49,99549.0,10202850.0,1.02,1.036,1.009,1.021,2.64,3.6,0.32,10.19,37650.0,61899.0,1039490.0,10.19,2056890.0,20.16,-1017400.0,-9.97,-748236.0,-7.33,-291253.0,-2.85,-300.0,1.026,1.027,276154000.0,283334004,283334004,2026-06-05,2026-06-05 11:10:28+08:00
561360,石油ETF国泰,1.449,1.448,-0.07,0.007,0.49,177159.0,25551958.0,1.432,1.451,1.432,1.442,1.32,1.1,0.75,-12.7,90143.0,87016.0,1197432.0,4.69,-234328.0,-0.92,1431760.0,5.6,-90579.0,-0.35,-1106853.0,-4.33,-5.0,1.449,1.45,1606148000.0,2327308452,2327308452,2026-06-05,2026-06-05 11:10:25+08:00
515550,中证500ETF国联,1.861,1.8593,-0.09,0.009,0.49,17090.0,3160702.0,1.839,1.863,1.839,1.852,1.3,9.85,7.04,-0.04,7152.0,9938.0,1165097.0,36.86,0.0,0.0,1165097.0,36.86,-1247352.0,-39.46,82255.0,2.6,48.0,1.856,1.864,17345700.0,32280348,32280348,2026-06-05,2026-06-05 11:10:30+08:00
520990,港股央企红利ETF景顺,1.046,1.0514,0.51,0.005,0.48,409954.0,42864079.0,1.041,1.049,1.038,1.041,1.06,0.96,0.87,17.88,185601.0,224353.0,-1516565.0,-3.54,-7193721.0,-16.78,5677156.0,13.24,2129094.0,4.97,-612529.0,-1.43,-455.0,1.046,1.047,4287470496.0,4484694139,4484694139,2026-06-05,2026-06-05 11:10:27+08:00
515060,房地产ETF华夏,0.63,0.6293,-0.11,0.003,0.48,525311.0,33117517.0,0.63,0.636,0.623,0.627,2.07,5.42,1.21,15.32,229955.0,295356.0,706393.0,2.13,3870166.0,11.69,-3163773.0,-9.55,-697569.0,-2.11,-8823.0,-0.03,130.0,0.629,0.63,969478096.0,610771200,610771200,2026-06-05,2026-06-05 11:10:34+08:00
515300,300红利低波ETF嘉实,1.288,1.2891,0.09,0.006,0.47,500699.0,64693722.0,1.281,1.297,1.28,1.282,1.33,1.24,1.46,-6.89,247600.0,253099.0,7308310.0,11.3,9857091.0,15.24,-2548781.0,-3.94,-243715.0,-0.38,-7064595.0,-10.92,-92.0,1.288,1.289,4022175200.0,5180561658,5180561658,2026-06-05,2026-06-05 11:10:31+08:00
560630,机器人ETF万家,1.27,1.268,-0.16,0.006,0.47,54217.0,6749476.0,1.264,1.272,1.227,1.264,3.56,4.16,1.03,16.53,35734.0,18483.0,434002.0,6.43,-100737.0,-1.49,534739.0,7.92,-213075.0,-3.16,-220927.0,-3.27,-3.0,1.266,1.268,130394000.0,165600380,165600380,2026-06-05,2026-06-05 11:10:27+08:00
159655,标普500ETF华夏,1.922,1.8719,-2.68,0.009,0.47,301030.0,57750132.4,1.913,1.925,1.908,1.913,0.89,1.43,0.7,0.43,169347.0,131683.0,3982547.0,6.9,-74182.0,-0.13,4056729.0,7.02,3425008.0,5.93,-7407556.0,-12.83,11.0,1.921,1.922,2108143040.0,4051850923,4051850923,2026-06-05,2026-06-05 11:10:39+08:00
159761,新材料ETF国泰,0.865,0.8657,0.08,0.004,0.46,92625.0,7967179.8,0.853,0.866,0.839,0.861,3.14,4.88,1.09,-8.94,33684.0,58941.0,-60988.0,-0.77,-1908036.0,-23.95,1847048.0,23.18,-47250.0,-0.59,108237.0,1.36,5476.0,0.865,0.866,189734117.0,164120011,164120011,2026-06-05,2026-06-05 11:10:42+08:00
159849,生物科技ETF招商,0.438,0.439,0.23,0.002,0.46,41945.0,1847858.6,0.437,0.444,0.437,0.436,1.61,2.42,1.98,0.93,33462.0,8483.0,-95728.0,-5.18,261481.0,14.15,-357209.0,-19.33,92414.0,5.0,3314.0,0.18,2740.0,0.438,0.439,173372396.0,75937109,75937109,2026-06-05,2026-06-05 11:10:30+08:00
159529,标普消费ETF景顺,1.304,1.2789,-1.96,0.006,0.46,1078524.0,141178527.3,1.314,1.322,1.3,1.298,1.69,13.29,0.52,10.95,491767.0,586757.0,1668890.0,1.18,2693699.0,1.91,-1024809.0,-0.73,-2566227.0,-1.82,897337.0,0.64,-63.0,1.304,1.305,811536784.0,1058243966,1058243966,2026-06-05,2026-06-05 11:10:45+08:00
159525,红利低波ETF富国,1.085,1.0845,-0.05,0.005,0.46,61954.0,6727995.5,1.081,1.091,1.08,1.08,1.02,1.46,0.82,-9.25,29372.0,32582.0,1706563.0,25.37,-92750.0,-1.38,1799313.0,26.74,-1332764.0,-19.81,-373798.0,-5.56,10.0,1.084,1.085,424243744.0,460304462,460304462,2026-06-05,2026-06-05 11:10:48+08:00
159166,现金流ETF长城,0.872,0.8734,0.16,0.004,0.46,20989.0,1828684.446,0.868,0.875,0.868,0.868,0.81,0.29,2.19,18.54,6235.0,14753.0,212887.0,11.64,284919.0,15.58,-72032.0,-3.94,-197798.0,-10.82,-15090.0,-0.83,0.0,0.872,0.873,715816064.0,624191608,624191608,2026-06-05,2026-06-05 11:10:51+08:00
159302,港股高股息ETF银华,1.32,1.3242,0.32,0.006,0.46,40675.0,5364988.9,1.316,1.322,1.316,1.314,0.46,6.53,1.65,-2.07,19643.0,21032.0,424971.0,7.92,0.0,0.0,424971.0,7.92,-270129.0,-5.04,-154843.0,-2.89,10.0,1.319,1.32,62297609.0,82232844,82232844,2026-06-05,2026-06-05 11:10:45+08:00
159273,云计算ETF汇添富,1.521,1.5236,0.17,0.007,0.46,233629.0,35310533.31,1.513,1.534,1.492,1.514,2.77,2.9,1.56,0.3,133436.0,100193.0,2983019.0,8.45,10618303.0,30.07,-7635284.0,-21.62,-3006445.0,-8.51,23425.0,0.07,-50.0,1.52,1.522,805777504.0,1225587584,1225587584,2026-06-05,2026-06-05 11:10:51+08:00
516360,新材料ETF华宝,1.12,1.1195,-0.04,0.005,0.45,31298.0,3486435.0,1.12,1.121,1.088,1.115,2.96,5.53,2.19,-7.78,20225.0,11073.0,24044.0,0.69,385609.0,11.06,-361565.0,-10.37,-32642.0,-0.94,8597.0,0.25,20.0,1.12,1.121,56551800.0,63338016,63338016,2026-06-05,2026-06-05 11:10:31+08:00
588910,科创价值ETF建信,1.572,1.5804,0.53,0.007,0.45,63129.0,9840962.0,1.55,1.583,1.525,1.565,3.71,5.49,1.14,5.92,36938.0,26191.0,-428338.0,-4.35,0.0,0.0,-428338.0,-4.35,312994.0,3.18,115343.0,1.17,-60.0,1.579,1.58,115049100.0,180857185,180857185,2026-06-05,2026-06-05 11:10:17+08:00
512180,MSCIA股ETF建信,1.79,1.7889,-0.06,0.008,0.45,40.0,7130.0,1.77,1.79,1.77,1.782,1.12,0.01,0.22,-0.43,39.0,1.0,0.0,0.0,0.0,0.0,0.0,0.0,0.0,0.0,0.0,0.0,12.0,1.788,1.794,48048000.0,86005920,86005920,2026-06-05,2026-06-05 11:10:35+08:00
159768,房地产ETF银华,0.449,0.4488,-0.04,0.002,0.45,405601.0,18297595.3,0.447,0.456,0.447,0.447,2.01,5.05,1.0,5.29,185027.0,220574.0,-2573891.0,-14.07,-1797050.0,-9.82,-776841.0,-4.25,1606992.0,8.78,966899.0,5.28,-392.0,0.449,0.45,802450304.0,360300186,360300186,2026-06-05,2026-06-05 11:10:42+08:00
516510,云计算ETF易方达,1.782,1.7827,0.04,0.008,0.45,809008.0,142041976.0,1.775,1.784,1.74,1.774,2.48,5.61,2.55,-44.56,421066.0,387942.0,1492702.0,1.05,-3742448.0,-2.63,5235150.0,3.69,-1115000.0,-0.78,-377702.0,-0.27,150.0,1.781,1.782,1442890000.0,2571229980,2571229980,2026-06-05,2026-06-05 11:10:29+08:00
512640,金融地产ETF嘉实,2.236,2.2369,0.04,0.01,0.45,6300.0,1412551.0,2.242,2.251,2.236,2.226,0.67,2.6,0.91,24.28,438.0,5862.0,61421.0,4.35,0.0,0.0,61421.0,4.35,39502.0,2.8,-100924.0,-7.14,427.0,2.236,2.237,24240900.0,54202652,54202652,2026-06-05,2026-06-05 11:10:36+08:00
159767,电池龙头ETF兴银,0.891,0.891,0.0,0.004,0.45,54678.0,4806058.8,0.887,0.892,0.87,0.887,2.48,2.18,1.44,44.42,35519.0,19159.0,675723.0,14.06,865770.0,18.01,-190047.0,-3.95,-624210.0,-12.99,-51512.0,-1.07,-1130.0,0.89,0.892,250873672.0,223528442,223528442,2026-06-05,2026-06-05 11:10:36+08:00
560370,红利质量ETF易方达,0.896,0.8958,-0.02,0.004,0.45,14403.0,1291810.0,0.891,0.899,0.889,0.892,1.12,1.21,0.69,6.18,8131.0,6272.0,163524.0,12.66,0.0,0.0,163524.0,12.66,-139437.0,-10.79,-24088.0,-1.86,-11.0,0.895,0.896,118584000.0,106251264,106251264,2026-06-05,2026-06-05 11:10:26+08:00
159679,中证1000增强ETF国泰,1.339,1.343,0.3,0.006,0.45,23686.0,3148420.4,1.333,1.342,1.313,1.333,2.18,4.51,1.54,5.73,15364.0,8322.0,584534.0,18.57,0.0,0.0,584534.0,18.57,314667.0,9.99,-899202.0,-28.56,396.0,1.34,1.341,52489156.0,70282980,70282980,2026-06-05,2026-06-05 11:10:42+08:00
560420,食品ETF前海开源,0.902,0.9043,0.25,0.004,0.45,12072.0,1085791.0,0.899,0.925,0.896,0.898,3.23,0.67,0.9,20.16,3463.0,8609.0,474269.0,43.68,84918.0,7.82,389351.0,35.86,-403221.0,-37.14,-71048.0,-6.54,200.0,0.901,0.903,179780200.0,162161740,162161740,2026-06-05,2026-06-05 11:10:26+08:00
515700,新能源车ETF平安,2.528,2.5273,-0.03,0.011,0.44,172640.0,42949073.0,2.513,2.529,2.457,2.517,2.86,2.63,1.61,-10.03,85050.0,87590.0,-2422849.0,-5.64,2252199.0,5.24,-4675048.0,-10.89,1501031.0,3.49,921818.0,2.15,826.0,2.525,2.528,656510208.0,1659657806,1659657806,2026-06-05,2026-06-05 11:10:32+08:00
159940,金融地产ETF广发,1.154,1.1532,-0.07,0.005,0.44,7325.0,846681.8,1.155,1.159,1.152,1.149,0.61,0.16,0.76,27.63,4997.0,2328.0,271483.0,32.06,51975.0,6.14,219508.0,25.93,-216490.0,-25.57,-54992.0,-6.5,1.0,1.152,1.153,447059984.0,515907222,515907222,2026-06-05,2026-06-05 11:10:39+08:00
516550,农业ETF嘉实,0.687,0.688,0.15,0.003,0.44,129578.0,8873613.0,0.683,0.689,0.682,0.684,1.02,5.22,2.04,-0.55,46409.0,83169.0,591903.0,6.67,-867344.0,-9.77,1459247.0,16.44,-562399.0,-6.34,-29504.0,-0.33,-1.0,0.687,0.688,248414400.0,170660693,170660693,2026-06-05,2026-06-05 11:10:30+08:00
517390,云计算ETF天弘,2.062,2.071,0.43,0.009,0.44,53891.0,11104242.0,2.1,2.1,2.026,2.053,3.6,3.64,1.58,1.75,29375.0,24516.0,1256784.0,11.32,1327318.0,11.95,-70534.0,-0.64,-1569561.0,-14.13,312776.0,2.82,-181.0,2.064,2.066,148112600.0,305408181,305408181,2026-06-05,2026-06-05 11:10:26+08:00
512530,沪深300红利ETF建信,1.598,1.5996,0.1,0.007,0.44,33693.0,5395852.0,1.585,1.607,1.585,1.591,1.38,3.13,1.36,7.26,12351.0,21342.0,157011.0,2.91,320200.0,5.93,-163189.0,-3.02,-19506.0,-0.36,-137504.0,-2.55,-999.0,1.597,1.599,107502000.0,171788196,171788196,2026-06-05,2026-06-05 11:10:35+08:00
159240,A500增强ETF天弘,1.376,1.3734,-0.19,0.006,0.44,1860.0,254661.9,1.37,1.376,1.362,1.37,1.02,1.27,0.33,1.56,1210.0,650.0,-140090.0,-55.01,0.0,0.0,-140090.0,-55.01,144679.0,56.81,-4589.0,-1.8,70.0,1.371,1.374,14619776.0,20116812,20116812,2026-06-05,2026-06-05 11:10:30+08:00
515730,家居家电ETF永赢,0.921,0.9226,0.17,0.004,0.44,20930.0,1920984.0,0.923,0.923,0.914,0.917,0.98,5.25,2.87,2.96,9839.0,11091.0,-7757.0,-0.4,0.0,0.0,-7757.0,-0.4,5928.0,0.31,1829.0,0.1,2178.0,0.922,0.923,39892000.0,36740532,36740532,2026-06-05,2026-06-05 11:10:31+08:00
515150,一带一路ETF富国,1.593,1.5923,-0.04,0.007,0.44,5992.0,953417.0,1.58,1.596,1.58,1.586,1.01,0.15,0.71,-5.58,1104.0,4888.0,222075.0,23.29,62552.0,6.56,159523.0,16.73,-257085.0,-26.96,35010.0,3.67,50.0,1.591,1.593,399703200.0,636727198,636727198,2026-06-05,2026-06-05 11:10:34+08:00
159263,价值ETF易方达,1.151,1.1505,-0.04,0.005,0.44,688327.0,79386320.6,1.145,1.16,1.145,1.146,1.31,1.56,0.61,-6.52,338266.0,350061.0,-16826871.0,-21.2,-14181443.0,-17.86,-2645428.0,-3.33,10007543.0,12.61,6819327.0,8.59,-6604.0,1.15,1.151,4416105216.0,5082937104,5082937104,2026-06-05,2026-06-05 11:10:51+08:00
517050,互联网ETF华泰柏瑞,0.687,0.6895,0.36,0.003,0.44,5427.0,372020.0,0.684,0.687,0.683,0.684,0.58,0.15,0.21,3.19,2272.0,3155.0,131180.0,35.26,0.0,0.0,131180.0,35.26,-134897.0,-36.26,3717.0,1.0,300.0,0.685,0.687,353605008.0,242926640,242926640,2026-06-05,2026-06-05 11:10:29+08:00
159637,新能源车ETF东财,0.943,0.9438,0.08,0.004,0.43,146574.0,13626454.216,0.939,0.944,0.917,0.939,2.88,2.24,2.37,63.79,67316.0,79258.0,1680570.0,12.33,2349869.0,17.24,-669299.0,-4.91,-1942774.0,-14.26,262204.0,1.92,10.0,0.942,0.943,653768096.0,616503315,616503315,2026-06-05,2026-06-05 11:10:45+08:00
159723,科技龙头ETF汇添富,1.17,1.1754,0.46,0.005,0.43,12036.0,1406228.2,1.161,1.175,1.156,1.165,1.63,3.44,1.3,11.5,1832.0,10204.0,293133.0,20.85,585000.0,41.6,-291867.0,-20.76,-342814.0,-24.38,49683.0,3.53,-998.0,1.17,1.173,35025575.0,40979923,40979923,2026-06-05,2026-06-05 11:10:30+08:00
159698,粮食ETF鹏华,0.928,0.9277,-0.03,0.004,0.43,304432.0,28062152.8,0.922,0.928,0.917,0.924,1.19,2.9,1.44,31.03,155223.0,149209.0,-54477.0,-0.19,-591743.0,-2.11,537266.0,1.91,-119634.0,-0.43,174110.0,0.62,200.0,0.927,0.928,1048944384.0,973420388,973420388,2026-06-05,2026-06-05 11:10:42+08:00
589580,科创综指ETF兴银,1.654,1.6536,-0.02,0.007,0.43,1468.0,239198.0,1.631,1.654,1.622,1.647,1.94,1.42,0.5,-30.37,285.0,1183.0,26076.0,10.9,0.0,0.0,26076.0,10.9,-38631.0,-16.15,12554.0,5.25,40.0,1.648,1.654,10354800.0,17126839,17126839,2026-06-05,2026-06-05 11:10:18+08:00
563020,红利低波ETF易方达,1.169,1.1679,-0.09,0.005,0.43,1158543.0,135553521.0,1.165,1.176,1.163,1.164,1.12,1.24,1.01,7.56,591564.0,566979.0,5696797.0,4.2,5593334.0,4.13,103463.0,0.08,-3349350.0,-2.47,-2347447.0,-1.73,85.0,1.168,1.169,9306909952.0,10879777734,10879777734,2026-06-05,2026-06-05 11:10:21+08:00
159622,创新药ETF东财,0.937,0.938,0.11,0.004,0.43,493940.0,46763560.0,0.942,0.955,0.934,0.933,2.25,4.61,1.6,-1.85,287208.0,206732.0,4861278.0,10.4,10474406.0,22.4,-5613128.0,-12.0,-2756802.0,-5.9,-2104476.0,-4.5,2.0,0.935,0.936,1072603232.0,1005029228,1005029228,2026-06-05,2026-06-05 11:10:45+08:00
516660,新能源车ETF华安,1.155,1.1552,0.02,0.005,0.43,11056.0,1254245.0,1.145,1.155,1.124,1.15,2.7,0.68,1.28,-5.79,8412.0,2644.0,-201735.0,-16.08,84658.0,6.75,-286393.0,-22.83,141287.0,11.26,60448.0,4.82,-4.0,1.154,1.156,161689000.0,186750795,186750795,2026-06-05,2026-06-05 11:10:32+08:00
516300,中证1000ETF华泰柏瑞,3.506,3.5124,0.18,0.015,0.43,16147.0,5614304.0,3.459,3.514,3.438,3.491,2.18,6.46,1.41,4.99,9088.0,7059.0,-490099.0,-8.73,0.0,0.0,-490099.0,-8.73,158727.0,2.83,331373.0,5.9,-600.0,3.505,3.508,25012600.0,87694176,87694176,2026-06-05,2026-06-05 11:10:30+08:00
159587,粮食ETF广发,1.192,1.1934,0.12,0.005,0.42,85821.0,10181448.1,1.184,1.193,1.181,1.187,1.01,6.02,1.77,-7.13,48107.0,37714.0,247437.0,2.43,-899524.0,-8.84,1146961.0,11.27,-23615.0,-0.23,-223822.0,-2.2,-3.0,1.191,1.192,142447031.0,169796861,169796861,2026-06-05,2026-06-05 11:10:45+08:00
516560,养老ETF华宝,0.725,0.7262,0.17,0.003,0.42,24723.0,1799812.0,0.722,0.734,0.722,0.722,1.66,1.17,1.17,4.64,10563.0,14160.0,150990.0,8.39,-494958.0,-27.5,645948.0,35.89,-186678.0,-10.37,35690.0,1.98,-60.0,0.726,0.727,210758000.0,152799550,152799550,2026-06-05,2026-06-05 11:10:30+08:00
560660,云计算50ETF新华,1.19,1.1915,0.13,0.005,0.42,62133.0,7332751.0,1.185,1.199,1.165,1.185,2.87,4.41,1.31,1.33,43108.0,19025.0,-84671.0,-1.15,-195939.0,-2.67,111268.0,1.52,-138939.0,-1.89,223610.0,3.05,10.0,1.188,1.191,140938000.0,167716220,167716220,2026-06-05,2026-06-05 11:10:27+08:00
589280,科创增强ETF华宝,0.962,0.9638,0.19,0.004,0.42,57367.0,5421028.0,0.957,0.962,0.931,0.958,3.24,5.26,0.74,-26.46,23274.0,34093.0,245852.0,4.54,916894.0,16.91,-671042.0,-12.38,-336746.0,-6.21,90893.0,1.68,2516.0,0.96,0.963,109069000.0,104924378,104924378,2026-06-05,2026-06-05 11:10:17+08:00
